<?xml version="1.0" encoding="UTF-8"?>
<!DOCTYPE html PUBLIC "-//W3C//DTD XHTML 1.0 Transitional//EN"
    "http://www.w3.org/TR/xhtml1/DTD/xhtml1-transitional.dtd">
<html xmlns="http://www.w3.org/1999/xhtml" xml:lang="en" lang="en">
 <head>
  <title>
</title>
<meta http-equiv="Content-Type" content="text/html;charset=utf-8" />
  <meta name='ocr-system' content='tesseract 3.04.00' />
  <meta name='ocr-capabilities' content='ocr_page ocr_carea ocr_par ocr_line ocrx_word'/>
</head>
<body>
  <div class='ocr_page' id='page_1' title='image "./corpusscriptoru70theogoog/corpusscriptoru70theogoog_0903.png"; bbox 0 0 2850 4775; ppageno 0'>
   <div class='ocr_carea' id='block_1_1' title="bbox 495 420 1207 498">
    <p class='ocr_par' dir='ltr' id='par_1_1' title="bbox 495 420 1207 498">
     <span class='ocr_line' id='line_1_1' title="bbox 495 420 1207 498; baseline 0.001 -11"><span class='ocrx_word' id='word_1_1' title='bbox 495 420 827 491; x_wconf 76' lang='lat' dir='ltr'>ANNOTATlONES.</span> <span class='ocrx_word' id='word_1_2' title='bbox 1132 425 1207 498; x_wconf 79' lang='grc'>787</span> 
     </span>
    </p>
   </div>
   <div class='ocr_carea' id='block_1_2' title="bbox 116 582 1216 3696">
    <p class='ocr_par' dir='ltr' id='par_1_2' title="bbox 117 582 1208 735">
     <span class='ocr_line' id='line_1_2' title="bbox 117 582 1208 671; baseline 0.01 -26"><span class='ocrx_word' id='word_1_3' title='bbox 117 584 203 671; x_wconf 61' lang='grc' dir='ltr'><strong><em>μέχρι</em></strong></span> <span class='ocrx_word' id='word_1_4' title='bbox 223 582 402 668; x_wconf 54' lang='lat' dir='ltr'>desemine.</span> <span class='ocrx_word' id='word_1_5' title='bbox 444 585 521 667; x_wconf 75' lang='lat' dir='ltr'>apud</span> <span class='ocrx_word' id='word_1_6' title='bbox 543 584 729 665; x_wconf 73' lang='lat' dir='ltr'>Nicephorum</span> <span class='ocrx_word' id='word_1_7' title='bbox 750 586 851 668; x_wconf 72' lang='lat' dir='ltr'>legitur</span> <span class='ocrx_word' id='word_1_8' title='bbox 868 588 908 649; x_wconf 78' lang='lat' dir='ltr'>ns</span> <span class='ocrx_word' id='word_1_9' title='bbox 928 591 961 650; x_wconf 80' lang='lat' dir='ltr'>ut</span> <span class='ocrx_word' id='word_1_10' title='bbox 978 590 1053 670; x_wconf 71' lang='lat' dir='ltr'>apud</span> <span class='ocrx_word' id='word_1_11' title='bbox 1074 591 1208 655; x_wconf 78' lang='lat' dir='ltr'>Seseme·</span> 
     </span>
     <span class='ocr_line' id='line_1_3' title="bbox 117 673 316 735; baseline 0.005 -3"><span class='ocrx_word' id='word_1_12' title='bbox 117 692 195 734; x_wconf 82' lang='lat' dir='ltr'>num.</span> <span class='ocrx_word' id='word_1_13' title='bbox 237 673 316 735; x_wconf 66' lang='lat' dir='ltr'>Xer..</span> 
     </span>
    </p>

    <p class='ocr_par' dir='ltr' id='par_1_3' title="bbox 116 753 1210 1089">
     <span class='ocr_line' id='line_1_4' title="bbox 201 753 1209 837; baseline 0 -16"><span class='ocrx_word' id='word_1_14' title='bbox 201 776 233 837; x_wconf 78' lang='lat' dir='ltr'>p.</span> <span class='ocrx_word' id='word_1_15' title='bbox 246 758 309 823; x_wconf 78' lang='lat'>645</span> <span class='ocrx_word' id='word_1_16' title='bbox 322 773 350 815; x_wconf 74' lang='lat' dir='ltr'>t.</span> <span class='ocrx_word' id='word_1_17' title='bbox 365 758 415 819; x_wconf 85' lang='grc'>11.</span> <span class='ocrx_word' id='word_1_18' title='bbox 458 771 534 832; x_wconf 77' lang='lat' dir='ltr'>quae</span> <span class='ocrx_word' id='word_1_19' title='bbox 553 753 754 811; x_wconf 71' lang='lat' dir='ltr'><em>intercesserat</em></span> <span class='ocrx_word' id='word_1_20' title='bbox 769 773 881 836; x_wconf 71' lang='lat' dir='ltr'>niagno</span> <span class='ocrx_word' id='word_1_21' title='bbox 898 756 1035 837; x_wconf 65' lang='lat' dir='ltr'>Busta]</span> <span class='ocrx_word' id='word_1_22' title='bbox 1053 760 1082 818; x_wconf 87' lang='lat' dir='ltr'>in</span> <span class='ocrx_word' id='word_1_23' title='bbox 1100 760 1209 822; x_wconf 84' lang='lat' dir='ltr'>Graeco</span> 
     </span>
     <span class='ocr_line' id='line_1_5' title="bbox 117 836 1209 919; baseline 0.004 -18"><span class='ocrx_word' id='word_1_24' title='bbox 117 840 194 901; x_wconf 77' lang='lat' dir='ltr'>ieme</span> <span class='ocrx_word' id='word_1_25' title='bbox 214 847 259 903; x_wconf 83' lang='lat' dir='ltr'>est</span> <span class='ocrx_word' id='word_1_26' title='bbox 276 841 439 919; x_wconf 78' lang='lat' dir='ltr'>depravatus</span> <span class='ocrx_word' id='word_1_27' title='bbox 458 845 488 897; x_wconf 87' lang='lat' dir='ltr'>et</span> <span class='ocrx_word' id='word_1_28' title='bbox 506 836 603 897; x_wconf 80' lang='lat' dir='ltr'>loliani</span> <span class='ocrx_word' id='word_1_29' title='bbox 618 858 721 899; x_wconf 84' lang='lat' dir='ltr'>nomeu</span> <span class='ocrx_word' id='word_1_30' title='bbox 735 837 925 902; x_wconf 76' lang='grc' dir='ltr'>ιΙίωἰοιίοιοοι</span> <span class='ocrx_word' id='word_1_31' title='bbox 938 862 957 903; x_wconf 78' lang='grc' dir='ltr'>ι</span> <span class='ocrx_word' id='word_1_32' title='bbox 969 846 1107 904; x_wconf 83' lang='lat' dir='ltr'>sententia</span> <span class='ocrx_word' id='word_1_33' title='bbox 1123 846 1209 905; x_wconf 75' lang='lat' dir='ltr'>incd-</span> 
     </span>
     <span class='ocr_line' id='line_1_6' title="bbox 116 922 1210 1064; baseline 0.01 -85"><span class='ocrx_word' id='word_1_34' title='bbox 116 930 218 987; x_wconf 71' lang='lat' dir='ltr'>oetum.</span> <span class='ocrx_word' id='word_1_35' title='bbox 267 941 321 1001; x_wconf 79' lang='lat' dir='ltr'>ego</span> <span class='ocrx_word' id='word_1_36' title='bbox 342 922 492 1064; x_wconf 44' lang='lat' dir='ltr'>historico}</span> <span class='ocrx_word' id='word_1_37' title='bbox 501 928 611 982; x_wconf 84' lang='lat' dir='ltr'>secutos</span> <span class='ocrx_word' id='word_1_38' title='bbox 632 941 709 1000; x_wconf 85' lang='lat' dir='ltr'>som,</span> <span class='ocrx_word' id='word_1_39' title='bbox 737 943 821 1002; x_wconf 83' lang='lat' dir='ltr'>quum</span> <span class='ocrx_word' id='word_1_40' title='bbox 838 925 924 988; x_wconf 78' lang='lat' dir='ltr'>habet</span> <span class='ocrx_word' id='word_1_41' title='bbox 942 929 1054 989; x_wconf 75' lang='lat' dir='ltr'>Sexum</span> <span class='ocrx_word' id='word_1_42' title='bbox 1074 931 1095 995; x_wconf 85' lang='lat'><strong>6</strong></span> <span class='ocrx_word' id='word_1_43' title='bbox 1119 931 1159 997; x_wconf 82' lang='lat'>15</span> <span class='ocrx_word' id='word_1_44' title='bbox 1180 942 1210 991; x_wconf 88' lang='lat' dir='ltr'>et</span> 
     </span>
     <span class='ocr_line' id='line_1_7' title="bbox 117 1008 543 1089; baseline -0.009 -20"><span class='ocrx_word' id='word_1_45' title='bbox 117 1008 290 1089; x_wconf 74' lang='lat' dir='ltr'>Nloephom</span> <span class='ocrx_word' id='word_1_46' title='bbox 315 1010 350 1070; x_wconf 88' lang='grc'>11</span> <span class='ocrx_word' id='word_1_47' title='bbox 375 1009 423 1071; x_wconf 73' lang='lat' dir='ltr'>la</span> <span class='ocrx_word' id='word_1_48' title='bbox 492 1025 543 1067; x_wconf 77' lang='lat' dir='ltr'>rr..</span> 
     </span>
    </p>

    <p class='ocr_par' dir='ltr' id='par_1_4' title="bbox 201 1086 1039 1171">
     <span class='ocr_line' id='line_1_8' title="bbox 201 1086 1039 1171; baseline -0.006 -14"><span class='ocrx_word' id='word_1_49' title='bbox 201 1092 306 1171; x_wconf 76' lang='lat' dir='ltr'>p.646</span> <span class='ocrx_word' id='word_1_50' title='bbox 320 1093 387 1153; x_wconf 69' lang='lat' dir='ltr'>aa</span> <span class='ocrx_word' id='word_1_51' title='bbox 428 1088 589 1147; x_wconf 66' lang='lat' dir='ltr'>cononum</span> <span class='ocrx_word' id='word_1_52' title='bbox 603 1086 637 1147; x_wconf 76' lang='lat' dir='ltr'>in</span> <span class='ocrx_word' id='word_1_53' title='bbox 652 1087 792 1171; x_wconf 78' lang='lat' dir='ltr'>Illyrico]</span> <span class='ocrx_word' id='word_1_54' title='bbox 814 1092 925 1170; x_wconf 76' lang='lat' dir='ltr'>Syruii.</span> <span class='ocrx_word' id='word_1_55' title='bbox 966 1094 1039 1155; x_wconf 75' lang='lat' dir='ltr'>Xer..</span> 
     </span>
    </p>

    <p class='ocr_par' dir='ltr' id='par_1_5' title="bbox 116 1172 1214 2182">
     <span class='ocr_line' id='line_1_9' title="bbox 201 1172 1209 1257; baseline 0.008 -23"><span class='ocrx_word' id='word_1_56' title='bbox 201 1196 232 1255; x_wconf 91' lang='lat' dir='ltr'>p.</span> <span class='ocrx_word' id='word_1_57' title='bbox 244 1174 307 1241; x_wconf 77' lang='lat'>648</span> <span class='ocrx_word' id='word_1_58' title='bbox 321 1195 346 1235; x_wconf 79' lang='lat' dir='ltr'>v.</span> <span class='ocrx_word' id='word_1_59' title='bbox 358 1175 390 1235; x_wconf 81' lang='lat'>2.</span> <span class='ocrx_word' id='word_1_60' title='bbox 431 1172 611 1253; x_wconf 78' lang='lat' dir='ltr'>Dominiea]</span> <span class='ocrx_word' id='word_1_61' title='bbox 632 1173 761 1236; x_wconf 82' lang='lat' dir='ltr'>Zonarae</span> <span class='ocrx_word' id='word_1_62' title='bbox 773 1176 919 1237; x_wconf 78' lang='lat' dir='ltr'>Dounion.</span> <span class='ocrx_word' id='word_1_63' title='bbox 947 1185 1043 1239; x_wconf 76' lang='lat' dir='ltr'>meter</span> <span class='ocrx_word' id='word_1_64' title='bbox 1055 1180 1209 1257; x_wconf 74' lang='lat' dir='ltr'>Aepoleev</span> 
     </span>
     <span class='ocr_line' id='line_1_10' title="bbox 116 1257 1211 1339; baseline 0 -17"><span class='ocrx_word' id='word_1_65' title='bbox 116 1265 148 1322; x_wconf 85' lang='lat' dir='ltr'>ct</span> <span class='ocrx_word' id='word_1_66' title='bbox 171 1260 218 1319; x_wconf 75' lang='lat' dir='ltr'>alit</span> <span class='ocrx_word' id='word_1_67' title='bbox 243 1259 413 1319; x_wconf 84' lang='lat' dir='ltr'>Dominicem</span> <span class='ocrx_word' id='word_1_68' title='bbox 439 1260 541 1319; x_wconf 82' lang='lat' dir='ltr'>rectius</span> <span class='ocrx_word' id='word_1_69' title='bbox 565 1259 713 1339; x_wconf 84' lang='lat' dir='ltr'>appellant.</span> <span class='ocrx_word' id='word_1_70' title='bbox 756 1264 833 1337; x_wconf 87' lang='lat' dir='ltr'>quod</span> <span class='ocrx_word' id='word_1_71' title='bbox 862 1268 954 1322; x_wconf 84' lang='lat' dir='ltr'>autern</span> <span class='ocrx_word' id='word_1_72' title='bbox 980 1264 1080 1322; x_wconf 86' lang='lat' dir='ltr'>dicitur</span> <span class='ocrx_word' id='word_1_73' title='bbox 1104 1257 1211 1323; x_wconf 82' lang='lat' dir='ltr'>statura</span> 
     </span>
     <span class='ocr_line' id='line_1_11' title="bbox 116 1342 1210 1427; baseline 0.008 -24"><span class='ocrx_word' id='word_1_74' title='bbox 116 1345 204 1404; x_wconf 86' lang='lat' dir='ltr'>tuisse</span> <span class='ocrx_word' id='word_1_75' title='bbox 231 1343 333 1403; x_wconf 82' lang='lat' dir='ltr'>Valens</span> <span class='ocrx_word' id='word_1_76' title='bbox 361 1342 522 1427; x_wconf 67' lang='grc' dir='ltr'><strong><em>διμοροίοι,</em></strong></span> <span class='ocrx_word' id='word_1_77' title='bbox 553 1361 611 1403; x_wconf 83' lang='lat' dir='ltr'>nou</span> <span class='ocrx_word' id='word_1_78' title='bbox 640 1361 710 1403; x_wconf 83' lang='lat' dir='ltr'>sane</span> <span class='ocrx_word' id='word_1_79' title='bbox 735 1346 793 1403; x_wconf 86' lang='lat' dir='ltr'>seio</span> <span class='ocrx_word' id='word_1_80' title='bbox 820 1346 888 1423; x_wconf 88' lang='lat' dir='ltr'>quid</span> <span class='ocrx_word' id='word_1_81' title='bbox 917 1346 1124 1423; x_wconf 80' lang='lat' dir='ltr'>intelligendum</span> <span class='ocrx_word' id='word_1_82' title='bbox 1152 1351 1210 1411; x_wconf 88' lang='lat' dir='ltr'>det.</span> 
     </span>
     <span class='ocr_line' id='line_1_12' title="bbox 118 1424 1213 1510; baseline 0.002 -21"><span class='ocrx_word' id='word_1_83' title='bbox 118 1429 259 1507; x_wconf 75' lang='grc' dir='ltr'>δίμοιρον</span> <span class='ocrx_word' id='word_1_84' title='bbox 283 1427 392 1488; x_wconf 81' lang='lat' dir='ltr'>bessem</span> <span class='ocrx_word' id='word_1_85' title='bbox 420 1426 564 1504; x_wconf 77' lang='lat' dir='ltr'>significet.</span> <span class='ocrx_word' id='word_1_86' title='bbox 605 1433 635 1488; x_wconf 89' lang='lat' dir='ltr'>ct</span> <span class='ocrx_word' id='word_1_87' title='bbox 664 1427 687 1485; x_wconf 92' lang='lat' dir='ltr'>si</span> <span class='ocrx_word' id='word_1_88' title='bbox 717 1424 839 1506; x_wconf 74' lang='grc' dir='ltr'>ἡλικίαν</span> <span class='ocrx_word' id='word_1_89' title='bbox 860 1436 978 1491; x_wconf 80' lang='lat' dir='ltr'>aetutem</span> <span class='ocrx_word' id='word_1_90' title='bbox 1001 1439 1091 1492; x_wconf 74' lang='lat' dir='ltr'>vous</span> <span class='ocrx_word' id='word_1_91' title='bbox 1111 1432 1213 1510; x_wconf 85' lang='lat' dir='ltr'>(quod</span> 
     </span>
     <span class='ocr_line' id='line_1_13' title="bbox 117 1510 1212 1594; baseline 0.002 -21"><span class='ocrx_word' id='word_1_92' title='bbox 117 1514 238 1573; x_wconf 71' lang='lat' dir='ltr'>silenum</span> <span class='ocrx_word' id='word_1_93' title='bbox 255 1510 317 1573; x_wconf 87' lang='lat' dir='ltr'>loco</span> <span class='ocrx_word' id='word_1_94' title='bbox 335 1510 480 1588; x_wconf 78' lang='lat' dir='ltr'>videtur),</span> <span class='ocrx_word' id='word_1_95' title='bbox 501 1529 550 1571; x_wconf 89' lang='lat' dir='ltr'>cur</span> <span class='ocrx_word' id='word_1_96' title='bbox 565 1510 607 1577; x_wconf 81' lang='lat'>60</span> <span class='ocrx_word' id='word_1_97' title='bbox 621 1528 755 1571; x_wconf 80' lang='lat' dir='ltr'>canorum</span> <span class='ocrx_word' id='word_1_98' title='bbox 768 1519 845 1573; x_wconf 82' lang='lat' dir='ltr'>setas</span> <span class='ocrx_word' id='word_1_99' title='bbox 859 1515 997 1594; x_wconf 75' lang='grc' dir='ltr'><strong><em>δίμοιρον</em></strong></span> <span class='ocrx_word' id='word_1_100' title='bbox 1008 1523 1134 1588; x_wconf 80' lang='lat' dir='ltr'>vocetur,</span> <span class='ocrx_word' id='word_1_101' title='bbox 1155 1535 1212 1575; x_wconf 91' lang='lat' dir='ltr'>uon</span> 
     </span>
     <span class='ocr_line' id='line_1_14' title="bbox 120 1594 1211 1675; baseline 0.006 -19"><span class='ocrx_word' id='word_1_102' title='bbox 120 1598 187 1656; x_wconf 78' lang='lat' dir='ltr'>satis</span> <span class='ocrx_word' id='word_1_103' title='bbox 201 1600 336 1675; x_wconf 77' lang='lat' dir='ltr'>apparet,</span> <span class='ocrx_word' id='word_1_104' title='bbox 355 1594 407 1653; x_wconf 86' lang='lat' dir='ltr'>nisi</span> <span class='ocrx_word' id='word_1_105' title='bbox 421 1596 544 1655; x_wconf 73' lang='lat' dir='ltr'>romeu</span> <span class='ocrx_word' id='word_1_106' title='bbox 556 1594 598 1660; x_wconf 84' lang='lat'>75</span> <span class='ocrx_word' id='word_1_107' title='bbox 611 1596 674 1654; x_wconf 85' lang='lat' dir='ltr'>euni</span> <span class='ocrx_word' id='word_1_108' title='bbox 689 1597 789 1655; x_wconf 87' lang='lat' dir='ltr'>iustum</span> <span class='ocrx_word' id='word_1_109' title='bbox 801 1597 918 1658; x_wconf 85' lang='lat' dir='ltr'>hominis</span> <span class='ocrx_word' id='word_1_110' title='bbox 930 1605 996 1658; x_wconf 87' lang='lat' dir='ltr'>sont</span> <span class='ocrx_word' id='word_1_111' title='bbox 1006 1618 1111 1659; x_wconf 82' lang='lat' dir='ltr'>aevum.</span> <span class='ocrx_word' id='word_1_112' title='bbox 1140 1600 1211 1663; x_wconf 73' lang='lat' dir='ltr'>qu.</span> 
     </span>
     <span class='ocr_line' id='line_1_15' title="bbox 120 1678 1213 1763; baseline 0.004 -23"><span class='ocrx_word' id='word_1_113' title='bbox 120 1682 245 1741; x_wconf 78' lang='lat' dir='ltr'>salebras</span> <span class='ocrx_word' id='word_1_114' title='bbox 260 1680 290 1739; x_wconf 87' lang='lat' dir='ltr'>iu</span> <span class='ocrx_word' id='word_1_115' title='bbox 307 1678 391 1759; x_wconf 85' lang='lat' dir='ltr'>plano</span> <span class='ocrx_word' id='word_1_116' title='bbox 409 1680 515 1757; x_wconf 80' lang='lat' dir='ltr'>quaerit</span> <span class='ocrx_word' id='word_1_117' title='bbox 529 1678 574 1739; x_wconf 90' lang='lat' dir='ltr'>hic</span> <span class='ocrx_word' id='word_1_118' title='bbox 590 1679 744 1758; x_wconf 60' lang='lat' dir='ltr'>Xylinen,</span> <span class='ocrx_word' id='word_1_119' title='bbox 765 1695 796 1741; x_wconf 87' lang='lat' dir='ltr'>et</span> <span class='ocrx_word' id='word_1_120' title='bbox 809 1701 892 1760; x_wconf 81' lang='lat' dir='ltr'>quam</span> <span class='ocrx_word' id='word_1_121' title='bbox 907 1703 958 1763; x_wconf 92' lang='lat' dir='ltr'>pro</span> <span class='ocrx_word' id='word_1_122' title='bbox 973 1693 1091 1741; x_wconf 69' lang='lat' dir='ltr'>statmo</span> <span class='ocrx_word' id='word_1_123' title='bbox 1105 1703 1213 1744; x_wconf 75' lang='lat' dir='ltr'>summe</span> 
     </span>
     <span class='ocr_line' id='line_1_16' title="bbox 120 1762 1214 1843; baseline 0.001 -18"><span class='ocrx_word' id='word_1_124' title='bbox 120 1766 252 1839; x_wconf 77' lang='lat' dir='ltr'>deberet,</span> <span class='ocrx_word' id='word_1_125' title='bbox 273 1764 366 1821; x_wconf 77' lang='lat' dir='ltr'>aerati</span> <span class='ocrx_word' id='word_1_126' title='bbox 386 1782 481 1823; x_wconf 79' lang='lat' dir='ltr'>uocem</span> <span class='ocrx_word' id='word_1_127' title='bbox 502 1762 668 1843; x_wconf 79' lang='lat' dir='ltr'>applicatio</span> <span class='ocrx_word' id='word_1_128' title='bbox 690 1766 946 1836; x_wconf 79' lang='lat' dir='ltr'>observationibus.</span> <span class='ocrx_word' id='word_1_129' title='bbox 988 1769 1039 1826; x_wconf 86' lang='lat' dir='ltr'>sed</span> <span class='ocrx_word' id='word_1_130' title='bbox 1057 1786 1110 1826; x_wconf 86' lang='lat' dir='ltr'>nee</span> <span class='ocrx_word' id='word_1_131' title='bbox 1128 1768 1214 1827; x_wconf 81' lang='lat' dir='ltr'>alluta</span> 
     </span>
     <span class='ocr_line' id='line_1_17' title="bbox 119 1844 1213 1930; baseline -0.003 -21"><span class='ocrx_word' id='word_1_132' title='bbox 119 1850 208 1909; x_wconf 78' lang='lat' dir='ltr'>verba</span> <span class='ocrx_word' id='word_1_133' title='bbox 227 1854 342 1909; x_wconf 81' lang='lat' dir='ltr'>sonant:</span> <span class='ocrx_word' id='word_1_134' title='bbox 353 1844 424 1927; x_wconf 74' lang='lat' dir='ltr'>suit</span> <span class='ocrx_word' id='word_1_135' title='bbox 445 1846 556 1905; x_wconf 80' lang='lat' dir='ltr'>Valens</span> <span class='ocrx_word' id='word_1_136' title='bbox 575 1858 691 1905; x_wconf 77' lang='lat' dir='ltr'>statera</span> <span class='ocrx_word' id='word_1_137' title='bbox 710 1849 866 1907; x_wconf 67' lang='lat' dir='ltr'>audeberte</span> <span class='ocrx_word' id='word_1_138' title='bbox 888 1851 955 1927; x_wconf 86' lang='lat' dir='ltr'>quin</span> <span class='ocrx_word' id='word_1_139' title='bbox 972 1852 1064 1930; x_wconf 81' lang='lat' dir='ltr'>potius</span> <span class='ocrx_word' id='word_1_140' title='bbox 1081 1852 1124 1907; x_wconf 83' lang='lat' dir='ltr'>ite</span> <span class='ocrx_word' id='word_1_141' title='bbox 1136 1873 1213 1928; x_wconf 84' lang='lat' dir='ltr'>pro-</span> 
     </span>
     <span class='ocr_line' id='line_1_18' title="bbox 121 1932 1214 2011; baseline 0.004 -20"><span class='ocrx_word' id='word_1_142' title='bbox 121 1954 191 1991; x_wconf 83' lang='lat' dir='ltr'>cem</span> <span class='ocrx_word' id='word_1_143' title='bbox 210 1943 244 1991; x_wconf 86' lang='lat' dir='ltr'>ut</span> <span class='ocrx_word' id='word_1_144' title='bbox 262 1932 372 1991; x_wconf 76' lang='lat' dir='ltr'>bessem</span> <span class='ocrx_word' id='word_1_145' title='bbox 390 1932 538 1992; x_wconf 61' lang='lat' dir='ltr'>videretur</span> <span class='ocrx_word' id='word_1_146' title='bbox 555 1952 728 2011; x_wconf 75' lang='lat' dir='ltr'><strong><em>exaequare.</em></strong></span> <span class='ocrx_word' id='word_1_147' title='bbox 772 1953 824 1994; x_wconf 87' lang='lat' dir='ltr'>uec</span> <span class='ocrx_word' id='word_1_148' title='bbox 839 1936 950 1994; x_wconf 84' lang='lat' dir='ltr'>mirum:</span> <span class='ocrx_word' id='word_1_149' title='bbox 970 1937 1054 1995; x_wconf 78' lang='lat' dir='ltr'>frater</span> <span class='ocrx_word' id='word_1_150' title='bbox 1067 1938 1138 1995; x_wconf 89' lang='lat' dir='ltr'>euim</span> <span class='ocrx_word' id='word_1_151' title='bbox 1153 1935 1214 1995; x_wconf 85' lang='lat' dir='ltr'>Vu-</span> 
     </span>
     <span class='ocr_line' id='line_1_19' title="bbox 121 2007 1214 2102; baseline 0.004 -24"><span class='ocrx_word' id='word_1_152' title='bbox 121 2018 289 2078; x_wconf 84' lang='lat' dir='ltr'>lentiuiuuus</span> <span class='ocrx_word' id='word_1_153' title='bbox 304 2007 345 2097; x_wconf 76' lang='grc' dir='ltr'>ἦν</span> <span class='ocrx_word' id='word_1_154' title='bbox 357 2020 400 2102; x_wconf 78' lang='grc' dir='ltr'>τῷ</span> <span class='ocrx_word' id='word_1_155' title='bbox 415 2012 529 2097; x_wconf 73' lang='grc' dir='ltr'><strong><em>σώματι</em></strong></span> <span class='ocrx_word' id='word_1_156' title='bbox 542 2010 721 2098; x_wconf 67' lang='grc' dir='ltr'><em>εὐμεγέθης,</em></span> <span class='ocrx_word' id='word_1_157' title='bbox 741 2035 776 2077; x_wconf 81' lang='lat' dir='ltr'>nc</span> <span class='ocrx_word' id='word_1_158' title='bbox 788 2019 933 2098; x_wconf 83' lang='lat' dir='ltr'>inpietate</span> <span class='ocrx_word' id='word_1_159' title='bbox 948 2019 1063 2079; x_wconf 80' lang='lat' dir='ltr'>absimili</span> <span class='ocrx_word' id='word_1_160' title='bbox 1075 2038 1171 2101; x_wconf 85' lang='lat' dir='ltr'>parem</span> <span class='ocrx_word' id='word_1_161' title='bbox 1186 2022 1214 2081; x_wconf 83' lang='lat' dir='ltr'>el</span> 
     </span>
     <span class='ocr_line' id='line_1_20' title="bbox 120 2103 987 2182; baseline 0.002 -21"><span class='ocrx_word' id='word_1_162' title='bbox 120 2106 213 2182; x_wconf 89' lang='lat' dir='ltr'>potuit</span> <span class='ocrx_word' id='word_1_163' title='bbox 227 2111 326 2163; x_wconf 82' lang='lat' dir='ltr'>natura</span> <span class='ocrx_word' id='word_1_164' title='bbox 340 2105 491 2171; x_wconf 80' lang='lat' dir='ltr'>eoncedere</span> <span class='ocrx_word' id='word_1_165' title='bbox 505 2103 626 2181; x_wconf 88' lang='lat' dir='ltr'>corporis</span> <span class='ocrx_word' id='word_1_166' title='bbox 638 2103 841 2180; x_wconf 77' lang='lat' dir='ltr'>proceritatem.</span> <span class='ocrx_word' id='word_1_167' title='bbox 882 2105 987 2163; x_wconf 79' lang='lat' dir='ltr'>Gonu.</span> 
     </span>
    </p>

    <p class='ocr_par' dir='ltr' id='par_1_6' title="bbox 121 2179 1214 2599">
     <span class='ocr_line' id='line_1_21' title="bbox 207 2179 1214 2266; baseline -0.002 -17"><span class='ocrx_word' id='word_1_168' title='bbox 207 2204 235 2264; x_wconf 79' lang='lat' dir='ltr'>p.</span> <span class='ocrx_word' id='word_1_169' title='bbox 254 2187 316 2251; x_wconf 84' lang='lat'>550</span> <span class='ocrx_word' id='word_1_170' title='bbox 335 2206 360 2247; x_wconf 82' lang='lat' dir='ltr'>v.</span> <span class='ocrx_word' id='word_1_171' title='bbox 381 2192 428 2252; x_wconf 74' lang='lat'>19.</span> <span class='ocrx_word' id='word_1_172' title='bbox 471 2179 617 2265; x_wconf 79' lang='grc' dir='ltr'><strong><em>οἱρετικός</em></strong></span> <span class='ocrx_word' id='word_1_173' title='bbox 637 2187 714 2245; x_wconf 85' lang='lat' dir='ltr'>initio</span> <span class='ocrx_word' id='word_1_174' title='bbox 733 2187 859 2245; x_wconf 87' lang='lat' dir='ltr'>Gratiani</span> <span class='ocrx_word' id='word_1_175' title='bbox 880 2207 933 2246; x_wconf 76' lang='lat' dir='ltr'>vox</span> <span class='ocrx_word' id='word_1_176' title='bbox 951 2204 1062 2266; x_wconf 86' lang='lat' dir='ltr'>prorsus</span> <span class='ocrx_word' id='word_1_177' title='bbox 1080 2206 1214 2265; x_wconf 82' lang='lat' dir='ltr'>supervu-</span> 
     </span>
     <span class='ocr_line' id='line_1_22' title="bbox 121 2270 1214 2347; baseline 0.001 -18"><span class='ocrx_word' id='word_1_178' title='bbox 121 2270 386 2345; x_wconf 64' lang='lat' dir='ltr'>consertaeque</span> <span class='ocrx_word' id='word_1_179' title='bbox 400 2272 514 2331; x_wconf 84' lang='lat' dir='ltr'>adverso</span> <span class='ocrx_word' id='word_1_180' title='bbox 532 2277 584 2332; x_wconf 87' lang='lat' dir='ltr'>est.</span> <span class='ocrx_word' id='word_1_181' title='bbox 627 2276 656 2329; x_wconf 87' lang='lat' dir='ltr'>et</span> <span class='ocrx_word' id='word_1_182' title='bbox 671 2272 746 2347; x_wconf 90' lang='lat' dir='ltr'>quod</span> <span class='ocrx_word' id='word_1_183' title='bbox 761 2271 797 2330; x_wconf 91' lang='lat' dir='ltr'>de</span> <span class='ocrx_word' id='word_1_184' title='bbox 811 2271 969 2331; x_wconf 85' lang='lat' dir='ltr'>Theodosio</span> <span class='ocrx_word' id='word_1_185' title='bbox 983 2272 1096 2344; x_wconf 87' lang='lat' dir='ltr'>dicitur,</span> <span class='ocrx_word' id='word_1_186' title='bbox 1117 2270 1214 2330; x_wconf 74' lang='lat' dir='ltr'>telslrm</span> 
     </span>
     <span class='ocr_line' id='line_1_23' title="bbox 122 2351 1214 2432; baseline 0.001 -19"><span class='ocrx_word' id='word_1_187' title='bbox 122 2352 169 2414; x_wconf 81' lang='lat' dir='ltr'>alii</span> <span class='ocrx_word' id='word_1_188' title='bbox 184 2351 306 2412; x_wconf 75' lang='lat' dir='ltr'>historici</span> <span class='ocrx_word' id='word_1_189' title='bbox 320 2354 482 2417; x_wconf 83' lang='lat' dir='ltr'>ostendunt.</span> <span class='ocrx_word' id='word_1_190' title='bbox 524 2372 557 2416; x_wconf 80' lang='lat' dir='ltr'>uc</span> <span class='ocrx_word' id='word_1_191' title='bbox 574 2358 620 2432; x_wconf 87' lang='lat' dir='ltr'>qui</span> <span class='ocrx_word' id='word_1_192' title='bbox 636 2373 697 2414; x_wconf 90' lang='lat' dir='ltr'>enm</span> <span class='ocrx_word' id='word_1_193' title='bbox 710 2355 815 2415; x_wconf 80' lang='lat' dir='ltr'>curauit</span> <span class='ocrx_word' id='word_1_194' title='bbox 826 2356 956 2430; x_wconf 85' lang='lat' dir='ltr'>interfici,</span> <span class='ocrx_word' id='word_1_195' title='bbox 976 2354 1135 2428; x_wconf 80' lang='lat' dir='ltr'>isabellis,</span> <span class='ocrx_word' id='word_1_196' title='bbox 1156 2374 1214 2414; x_wconf 91' lang='lat' dir='ltr'>nou</span> 
     </span>
     <span class='ocr_line' id='line_1_24' title="bbox 124 2437 1214 2513; baseline 0.002 -16"><span class='ocrx_word' id='word_1_197' title='bbox 124 2445 156 2498; x_wconf 88' lang='lat' dir='ltr'>nt</span> <span class='ocrx_word' id='word_1_198' title='bbox 168 2456 186 2496; x_wconf 83' lang='lat' dir='ltr'>a</span> <span class='ocrx_word' id='word_1_199' title='bbox 198 2447 294 2496; x_wconf 72' lang='lat' dir='ltr'>nosue</span> <span class='ocrx_word' id='word_1_200' title='bbox 304 2437 494 2513; x_wconf 77' lang='lat' dir='ltr'>Maximianus,</span> <span class='ocrx_word' id='word_1_201' title='bbox 514 2440 566 2497; x_wconf 86' lang='lat' dir='ltr'>sed</span> <span class='ocrx_word' id='word_1_202' title='bbox 576 2439 711 2497; x_wconf 76' lang='lat' dir='ltr'>Maximus</span> <span class='ocrx_word' id='word_1_203' title='bbox 725 2441 887 2499; x_wconf 84' lang='lat' dir='ltr'>nominatur.</span> <span class='ocrx_word' id='word_1_204' title='bbox 930 2447 958 2500; x_wconf 91' lang='lat' dir='ltr'>et</span> <span class='ocrx_word' id='word_1_205' title='bbox 970 2441 1010 2498; x_wconf 91' lang='lat' dir='ltr'>sic</span> <span class='ocrx_word' id='word_1_206' title='bbox 1021 2442 1105 2498; x_wconf 86' lang='lat' dir='ltr'>etium</span> <span class='ocrx_word' id='word_1_207' title='bbox 1118 2447 1214 2499; x_wconf 85' lang='lat' dir='ltr'>noster</span> 
     </span>
     <span class='ocr_line' id='line_1_25' title="bbox 123 2519 714 2599; baseline -0.002 -17"><span class='ocrx_word' id='word_1_208' title='bbox 123 2522 210 2582; x_wconf 84' lang='lat' dir='ltr'>habet</span> <span class='ocrx_word' id='word_1_209' title='bbox 225 2540 299 2580; x_wconf 89' lang='lat' dir='ltr'>auno</span> <span class='ocrx_word' id='word_1_210' title='bbox 313 2519 465 2580; x_wconf 86' lang='lat' dir='ltr'>Theodosii</span> <span class='ocrx_word' id='word_1_211' title='bbox 476 2524 601 2599; x_wconf 88' lang='lat' dir='ltr'>septimo.</span> <span class='ocrx_word' id='word_1_212' title='bbox 643 2521 714 2582; x_wconf 72' lang='lat' dir='ltr'>Xer..</span> 
     </span>
    </p>

    <p class='ocr_par' dir='ltr' id='par_1_7' title="bbox 124 2599 1216 3696">
     <span class='ocr_line' id='line_1_26' title="bbox 209 2599 1215 2686; baseline -0.004 -18"><span class='ocrx_word' id='word_1_213' title='bbox 209 2609 240 2683; x_wconf 61' lang='lat' dir='ltr'>pss</span> <span class='ocrx_word' id='word_1_214' title='bbox 253 2605 313 2668; x_wconf 80' lang='lat'>553</span> <span class='ocrx_word' id='word_1_215' title='bbox 332 2624 357 2663; x_wconf 79' lang='lat' dir='ltr'>v.</span> <span class='ocrx_word' id='word_1_216' title='bbox 372 2608 423 2668; x_wconf 77' lang='lat'>20.</span> <span class='ocrx_word' id='word_1_217' title='bbox 467 2601 682 2686; x_wconf 74' lang='grc' dir='ltr'><strong><em>συοτοκτήριον</em></strong></span> <span class='ocrx_word' id='word_1_218' title='bbox 704 2599 814 2686; x_wconf 77' lang='grc' dir='ltr'><strong><em>λόγον]</em></strong></span> <span class='ocrx_word' id='word_1_219' title='bbox 845 2606 996 2664; x_wconf 85' lang='lat' dir='ltr'>orationem</span> <span class='ocrx_word' id='word_1_220' title='bbox 1015 2605 1121 2665; x_wconf 90' lang='lat' dir='ltr'>titolum</span> <span class='ocrx_word' id='word_1_221' title='bbox 1143 2606 1215 2665; x_wconf 88' lang='lat' dir='ltr'>hune</span> 
     </span>
     <span class='ocr_line' id='line_1_27' title="bbox 124 2689 1214 2771; baseline -0.001 -23"><span class='ocrx_word' id='word_1_222' title='bbox 124 2689 325 2771; x_wconf 66' lang='lat' dir='ltr'>praeferentem</span> <span class='ocrx_word' id='word_1_223' title='bbox 344 2691 541 2766; x_wconf 78' lang='lat' dir='ltr'>componendis</span> <span class='ocrx_word' id='word_1_224' title='bbox 562 2692 752 2769; x_wconf 88' lang='lat' dir='ltr'>episcoporum</span> <span class='ocrx_word' id='word_1_225' title='bbox 768 2690 888 2749; x_wconf 83' lang='lat' dir='ltr'>dissidiis</span> <span class='ocrx_word' id='word_1_226' title='bbox 902 2710 919 2748; x_wconf 88' lang='lat' dir='ltr'>a</span> <span class='ocrx_word' id='word_1_227' title='bbox 934 2691 1069 2764; x_wconf 80' lang='lat' dir='ltr'>Gregorio</span> <span class='ocrx_word' id='word_1_228' title='bbox 1083 2691 1214 2766; x_wconf 83' lang='lat' dir='ltr'>theologo</span> 
     </span>
     <span class='ocr_line' id='line_1_28' title="bbox 124 2771 1215 2854; baseline -0.001 -20"><span class='ocrx_word' id='word_1_229' title='bbox 124 2773 328 2854; x_wconf 78' lang='lat' dir='ltr'>pmuuntiotom</span> <span class='ocrx_word' id='word_1_230' title='bbox 340 2790 401 2831; x_wconf 86' lang='lat' dir='ltr'>eum</span> <span class='ocrx_word' id='word_1_231' title='bbox 415 2771 556 2847; x_wconf 80' lang='lat' dir='ltr'>Xyluudro</span> <span class='ocrx_word' id='word_1_232' title='bbox 569 2773 691 2851; x_wconf 85' lang='lat' dir='ltr'>plerique</span> <span class='ocrx_word' id='word_1_233' title='bbox 703 2781 862 2846; x_wconf 80' lang='lat' dir='ltr'>autumant,</span> <span class='ocrx_word' id='word_1_234' title='bbox 882 2791 962 2849; x_wconf 88' lang='lat' dir='ltr'>quam</span> <span class='ocrx_word' id='word_1_235' title='bbox 982 2772 1076 2830; x_wconf 81' lang='lat' dir='ltr'>Bidios</span> <span class='ocrx_word' id='word_1_236' title='bbox 1096 2774 1215 2833; x_wconf 82' lang='lat' dir='ltr'>Observ.</span> 
     </span>
     <span class='ocr_line' id='line_1_29' title="bbox 127 2849 1216 2938; baseline 0.002 -22"><span class='ocrx_word' id='word_1_237' title='bbox 127 2877 197 2919; x_wconf 79' lang='lat' dir='ltr'>scer.</span> <span class='ocrx_word' id='word_1_238' title='bbox 218 2861 235 2921; x_wconf 88' lang='lat'>1</span> <span class='ocrx_word' id='word_1_239' title='bbox 257 2859 300 2922; x_wconf 75' lang='lat'>22</span> <span class='ocrx_word' id='word_1_240' title='bbox 320 2849 540 2938; x_wconf 77' lang='grc' dir='ltr'><strong><em>ἆποτοικτήριον</em></strong></span> <span class='ocrx_word' id='word_1_241' title='bbox 559 2859 651 2934; x_wconf 88' lang='lat' dir='ltr'>potius</span> <span class='ocrx_word' id='word_1_242' title='bbox 670 2863 781 2932; x_wconf 81' lang='lat' dir='ltr'>censet,</span> <span class='ocrx_word' id='word_1_243' title='bbox 814 2875 870 2933; x_wconf 86' lang='lat' dir='ltr'>qua</span> <span class='ocrx_word' id='word_1_244' title='bbox 890 2858 1017 2913; x_wconf 86' lang='lat' dir='ltr'>nimirum</span> <span class='ocrx_word' id='word_1_245' title='bbox 1039 2856 1107 2916; x_wconf 84' lang='lat' dir='ltr'>ulios</span> <span class='ocrx_word' id='word_1_246' title='bbox 1125 2857 1216 2918; x_wconf 78' lang='lat' dir='ltr'>valere</span> 
     </span>
     <span class='ocr_line' id='line_1_30' title="bbox 126 2939 1215 3020; baseline -0.002 -18"><span class='ocrx_word' id='word_1_247' title='bbox 126 2944 189 3020; x_wconf 84' lang='lat' dir='ltr'>quis</span> <span class='ocrx_word' id='word_1_248' title='bbox 203 2940 289 3000; x_wconf 85' lang='lat' dir='ltr'>lohet.</span> <span class='ocrx_word' id='word_1_249' title='bbox 325 2941 385 3000; x_wconf 87' lang='lat' dir='ltr'>eius</span> <span class='ocrx_word' id='word_1_250' title='bbox 395 2941 550 3000; x_wconf 83' lang='lat' dir='ltr'>coniectura</span> <span class='ocrx_word' id='word_1_251' title='bbox 562 2939 727 3000; x_wconf 82' lang='lat' dir='ltr'>Domaseeui</span> <span class='ocrx_word' id='word_1_252' title='bbox 740 2941 867 3013; x_wconf 78' lang='lat' dir='ltr'>maxime,</span> <span class='ocrx_word' id='word_1_253' title='bbox 888 2942 945 2999; x_wconf 86' lang='lat' dir='ltr'>sive</span> <span class='ocrx_word' id='word_1_254' title='bbox 960 2942 1078 2998; x_wconf 82' lang='lat' dir='ltr'>auctoris</span> <span class='ocrx_word' id='word_1_255' title='bbox 1092 2941 1215 3018; x_wconf 82' lang='lat' dir='ltr'>opusculi</span> 
     </span>
     <span class='ocr_line' id='line_1_31' title="bbox 127 3021 1215 3104; baseline 0 -22"><span class='ocrx_word' id='word_1_256' title='bbox 127 3023 210 3104; x_wconf 79' lang='lat' dir='ltr'>qreod</span> <span class='ocrx_word' id='word_1_257' title='bbox 230 3025 341 3080; x_wconf 81' lang='lat' dir='ltr'>mortui</span> <span class='ocrx_word' id='word_1_258' title='bbox 360 3025 523 3082; x_wconf 68' lang='lat' dir='ltr'>viventium</span> <span class='ocrx_word' id='word_1_259' title='bbox 546 3021 693 3098; x_wconf 70' lang='lat' dir='ltr'>beneficiis</span> <span class='ocrx_word' id='word_1_260' title='bbox 715 3025 872 3092; x_wconf 79' lang='lat' dir='ltr'>inventur,</span> <span class='ocrx_word' id='word_1_261' title='bbox 899 3024 989 3081; x_wconf 81' lang='lat' dir='ltr'>verbis</span> <span class='ocrx_word' id='word_1_262' title='bbox 1010 3024 1134 3096; x_wconf 74' lang='lat' dir='ltr'>nocitor,</span> <span class='ocrx_word' id='word_1_263' title='bbox 1153 3028 1215 3101; x_wconf 85' lang='lat' dir='ltr'>qui·</span> 
     </span>
     <span class='ocr_line' id='line_1_32' title="bbox 127 3100 1215 3190; baseline -0.004 -20"><span class='ocrx_word' id='word_1_264' title='bbox 127 3112 179 3170; x_wconf 82' lang='lat' dir='ltr'>bus</span> <span class='ocrx_word' id='word_1_265' title='bbox 199 3108 322 3167; x_wconf 80' lang='lat' dir='ltr'>damuati</span> <span class='ocrx_word' id='word_1_266' title='bbox 341 3125 359 3166; x_wconf 88' lang='lat' dir='ltr'>a</span> <span class='ocrx_word' id='word_1_267' title='bbox 379 3109 457 3165; x_wconf 88' lang='lat' dir='ltr'>iustis</span> <span class='ocrx_word' id='word_1_268' title='bbox 479 3111 599 3188; x_wconf 81' lang='lat' dir='ltr'>separati</span> <span class='ocrx_word' id='word_1_269' title='bbox 621 3115 750 3190; x_wconf 78' lang='grc' dir='ltr'><em>θρηνεῖν</em></span> <span class='ocrx_word' id='word_1_270' title='bbox 764 3103 797 3170; x_wconf 80' lang='lat' dir='ltr'>ed</span> <span class='ocrx_word' id='word_1_271' title='bbox 813 3100 1042 3184; x_wconf 77' lang='grc' dir='ltr'><strong><em>ουντακτήριον,</em></strong></span> <span class='ocrx_word' id='word_1_272' title='bbox 1064 3111 1097 3163; x_wconf 87' lang='lat' dir='ltr'>in</span> <span class='ocrx_word' id='word_1_273' title='bbox 1109 3108 1215 3166; x_wconf 79' lang='lat' dir='ltr'>ultimo</span> 
     </span>
     <span class='ocr_line' id='line_1_33' title="bbox 128 3191 1215 3272; baseline 0.001 -20"><span class='ocrx_word' id='word_1_274' title='bbox 128 3195 264 3272; x_wconf 76' lang='lat' dir='ltr'>digressu</span> <span class='ocrx_word' id='word_1_275' title='bbox 279 3191 439 3248; x_wconf 77' lang='lat' dir='ltr'>lamentari</span> <span class='ocrx_word' id='word_1_276' title='bbox 455 3197 484 3252; x_wconf 92' lang='lat' dir='ltr'>et</span> <span class='ocrx_word' id='word_1_277' title='bbox 498 3193 535 3251; x_wconf 89' lang='lat' dir='ltr'>de</span> <span class='ocrx_word' id='word_1_278' title='bbox 549 3193 642 3250; x_wconf 83' lang='lat' dir='ltr'>sutoro</span> <span class='ocrx_word' id='word_1_279' title='bbox 658 3195 686 3250; x_wconf 91' lang='lat' dir='ltr'>in</span> <span class='ocrx_word' id='word_1_280' title='bbox 701 3201 841 3252; x_wconf 87' lang='lat' dir='ltr'>aeternum</span> <span class='ocrx_word' id='word_1_281' title='bbox 858 3192 971 3249; x_wconf 87' lang='lat' dir='ltr'>dissidio</span> <span class='ocrx_word' id='word_1_282' title='bbox 984 3194 1130 3269; x_wconf 80' lang='lat' dir='ltr'>conqueri,</span> <span class='ocrx_word' id='word_1_283' title='bbox 1150 3212 1215 3272; x_wconf 85' lang='lat' dir='ltr'>pcr-</span> 
     </span>
     <span class='ocr_line' id='line_1_34' title="bbox 127 3271 1216 3356; baseline -0.008 -18"><span class='ocrx_word' id='word_1_284' title='bbox 127 3279 266 3339; x_wconf 88' lang='lat' dir='ltr'>hibeutur.</span> <span class='ocrx_word' id='word_1_285' title='bbox 301 3277 395 3336; x_wconf 77' lang='lat' dir='ltr'>scribit</span> <span class='ocrx_word' id='word_1_286' title='bbox 410 3294 520 3353; x_wconf 87' lang='lat' dir='ltr'>quoque</span> <span class='ocrx_word' id='word_1_287' title='bbox 534 3281 629 3334; x_wconf 73' lang='lat' dir='ltr'>artetur</span> <span class='ocrx_word' id='word_1_288' title='bbox 639 3276 751 3335; x_wconf 80' lang='lat' dir='ltr'>iuferius</span> <span class='ocrx_word' id='word_1_289' title='bbox 764 3297 792 3356; x_wconf 90' lang='lat' dir='ltr'>p.</span> <span class='ocrx_word' id='word_1_290' title='bbox 807 3276 867 3339; x_wconf 82' lang='lat'>555</span> <span class='ocrx_word' id='word_1_291' title='bbox 885 3271 1098 3354; x_wconf 73' lang='grc' dir='ltr'><strong><em>συποκτήριοο</em></strong></span> <span class='ocrx_word' id='word_1_292' title='bbox 1110 3275 1216 3356; x_wconf 64' lang='grc' dir='ltr'><strong><em>ἕκηλη.</em></strong></span> 
     </span>
     <span class='ocr_line' id='line_1_35' title="bbox 130 3357 1214 3444; baseline -0.006 -18"><span class='ocrx_word' id='word_1_293' title='bbox 130 3366 225 3444; x_wconf 77' lang='lat' dir='ltr'>poriv,</span> <span class='ocrx_word' id='word_1_294' title='bbox 245 3381 297 3440; x_wconf 89' lang='lat' dir='ltr'>pro</span> <span class='ocrx_word' id='word_1_295' title='bbox 316 3381 350 3421; x_wconf 90' lang='lat' dir='ltr'>eo</span> <span class='ocrx_word' id='word_1_296' title='bbox 370 3361 447 3439; x_wconf 88' lang='lat' dir='ltr'>quod</span> <span class='ocrx_word' id='word_1_297' title='bbox 465 3366 510 3420; x_wconf 89' lang='lat' dir='ltr'>cst</span> <span class='ocrx_word' id='word_1_298' title='bbox 529 3361 676 3420; x_wconf 85' lang='lat' dir='ltr'>discessum</span> <span class='ocrx_word' id='word_1_299' title='bbox 693 3363 766 3418; x_wconf 79' lang='lat' dir='ltr'>votis</span> <span class='ocrx_word' id='word_1_300' title='bbox 781 3359 922 3436; x_wconf 84' lang='lat' dir='ltr'>conceptis</span> <span class='ocrx_word' id='word_1_301' title='bbox 943 3357 996 3418; x_wconf 87' lang='lat' dir='ltr'>deo</span> <span class='ocrx_word' id='word_1_302' title='bbox 1015 3362 1214 3420; x_wconf 82' lang='lat' dir='ltr'>commendare.</span> 
     </span>
     <span class='ocr_line' id='line_1_36' title="bbox 128 3435 1216 3524; baseline -0.005 -15"><span class='ocrx_word' id='word_1_303' title='bbox 128 3447 253 3509; x_wconf 79' lang='lat' dir='ltr'>Lexicou</span> <span class='ocrx_word' id='word_1_304' title='bbox 266 3464 446 3524; x_wconf 85' lang='lat' dir='ltr'>anonymum:</span> <span class='ocrx_word' id='word_1_305' title='bbox 466 3438 674 3524; x_wconf 76' lang='grc' dir='ltr'><strong><em>συντακτήριοι</em></strong></span> <span class='ocrx_word' id='word_1_306' title='bbox 693 3437 777 3524; x_wconf 77' lang='grc' dir='ltr'><strong><em>λόγοι</em></strong></span> <span class='ocrx_word' id='word_1_307' title='bbox 798 3443 830 3504; x_wconf 79' lang='grc' dir='ltr'>οἵ</span> <span class='ocrx_word' id='word_1_308' title='bbox 846 3441 879 3504; x_wconf 81' lang='grc' dir='ltr'>ἒν</span> <span class='ocrx_word' id='word_1_309' title='bbox 897 3435 1011 3517; x_wconf 76' lang='grc' dir='ltr'>ἐξόδοις</span> <span class='ocrx_word' id='word_1_310' title='bbox 1023 3441 1073 3506; x_wconf 74' lang='lat' dir='ltr'>tot</span> <span class='ocrx_word' id='word_1_311' title='bbox 1085 3450 1146 3504; x_wconf 76' lang='lat' dir='ltr'>soie</span> <span class='ocrx_word' id='word_1_312' title='bbox 1161 3439 1216 3523; x_wconf 79' lang='lat' dir='ltr'>eip-</span> 
     </span>
     <span class='ocr_line' id='line_1_37' title="bbox 129 3521 1216 3615; baseline -0.006 -20"><span class='ocrx_word' id='word_1_313' title='bbox 129 3527 246 3615; x_wconf 73' lang='lat' dir='ltr'>2o&#39;vruu</span> <span class='ocrx_word' id='word_1_314' title='bbox 266 3523 520 3610; x_wconf 77' lang='grc' dir='ltr'><strong><em>ἆποχαιρετισμοί,</em></strong></span> <span class='ocrx_word' id='word_1_315' title='bbox 541 3521 604 3602; x_wconf 72' lang='grc' dir='ltr'><strong><em>οἶος</em></strong></span> <span class='ocrx_word' id='word_1_316' title='bbox 620 3527 670 3590; x_wconf 76' lang='lat' dir='ltr'>nul</span> <span class='ocrx_word' id='word_1_317' title='bbox 683 3525 702 3589; x_wconf 80' lang='lat' dir='ltr'>d</span> <span class='ocrx_word' id='word_1_318' title='bbox 715 3532 771 3591; x_wconf 79' lang='grc' dir='ltr'>τοῦ</span> <span class='ocrx_word' id='word_1_319' title='bbox 784 3521 913 3607; x_wconf 77' lang='grc' dir='ltr'><strong><em>μεγάλου</em></strong></span> <span class='ocrx_word' id='word_1_320' title='bbox 925 3523 1036 3607; x_wconf 74' lang='grc' dir='ltr'><strong><em>πατρός</em></strong></span> <span class='ocrx_word' id='word_1_321' title='bbox 1049 3531 1216 3608; x_wconf 52' lang='lat' dir='ltr'>respectos</span> 
     </span>
     <span class='ocr_line' id='line_1_38' title="bbox 130 3607 1216 3696; baseline -0.006 -16"><span class='ocrx_word' id='word_1_322' title='bbox 130 3621 188 3680; x_wconf 80' lang='grc' dir='ltr'>τοῦ</span> <span class='ocrx_word' id='word_1_323' title='bbox 201 3611 348 3696; x_wconf 76' lang='grc' dir='ltr'>θεολόγον</span> <span class='ocrx_word' id='word_1_324' title='bbox 365 3607 586 3693; x_wconf 77' lang='grc' dir='ltr'><strong><em>ουντακτήριος.</em></strong></span> <span class='ocrx_word' id='word_1_325' title='bbox 626 3620 724 3672; x_wconf 79' lang='lat' dir='ltr'>auctor</span> <span class='ocrx_word' id='word_1_326' title='bbox 747 3613 868 3673; x_wconf 82' lang='lat' dir='ltr'>Bardam</span> <span class='ocrx_word' id='word_1_327' title='bbox 892 3611 1033 3672; x_wconf 77' lang='lat' dir='ltr'>Michaelis</span> <span class='ocrx_word' id='word_1_328' title='bbox 1054 3615 1216 3674; x_wconf 82' lang='lat' dir='ltr'>avunculum</span> 
     </span>
    </p>
   </div>
   <div class='ocr_carea' id='block_1_3' title="bbox 131 3691 1217 3862">
    <p class='ocr_par' dir='ltr' id='par_1_8' title="bbox 131 3691 1217 3862">
     <span class='ocr_line' id='line_1_39' title="bbox 131 3691 1217 3776; baseline -0.006 -12"><span class='ocrx_word' id='word_1_329' title='bbox 131 3701 200 3764; x_wconf 81' lang='lat' dir='ltr'>meri</span> <span class='ocrx_word' id='word_1_330' title='bbox 218 3719 249 3761; x_wconf 86' lang='lat' dir='ltr'>se</span> <span class='ocrx_word' id='word_1_331' title='bbox 264 3701 467 3759; x_wconf 86' lang='lat' dir='ltr'>commissurum</span> <span class='ocrx_word' id='word_1_332' title='bbox 480 3701 565 3757; x_wconf 77' lang='lat' dir='ltr'>refert</span> <span class='ocrx_word' id='word_1_333' title='bbox 580 3691 795 3776; x_wconf 76' lang='grc' dir='ltr'><strong><em>συντοκτήριον</em></strong></span> <span class='ocrx_word' id='word_1_334' title='bbox 809 3695 995 3775; x_wconf 73' lang='grc' dir='ltr'><strong><em>ἐκπληρῶσαι</em></strong></span> <span class='ocrx_word' id='word_1_335' title='bbox 1000 3740 1011 3772; x_wconf 86' lang='grc'><strong>,</strong></span> <span class='ocrx_word' id='word_1_336' title='bbox 1030 3703 1095 3756; x_wconf 82' lang='lat' dir='ltr'>ente</span> <span class='ocrx_word' id='word_1_337' title='bbox 1114 3698 1217 3757; x_wconf 81' lang='lat' dir='ltr'>disces·</span> 
     </span>
     <span class='ocr_line' id='line_1_40' title="bbox 132 3780 1132 3862; baseline -0.007 -16"><span class='ocrx_word' id='word_1_338' title='bbox 132 3806 193 3846; x_wconf 82' lang='lat' dir='ltr'>tum</span> <span class='ocrx_word' id='word_1_339' title='bbox 207 3783 331 3844; x_wconf 83' lang='lat' dir='ltr'>videlicet</span> <span class='ocrx_word' id='word_1_340' title='bbox 343 3785 526 3862; x_wconf 68' lang='lat' dir='ltr'>nuncupatis</span> <span class='ocrx_word' id='word_1_341' title='bbox 540 3783 615 3838; x_wconf 72' lang='lat' dir='ltr'>votis</span> <span class='ocrx_word' id='word_1_342' title='bbox 627 3783 682 3838; x_wconf 77' lang='lat' dir='ltr'>iter</span> <span class='ocrx_word' id='word_1_343' title='bbox 696 3782 749 3838; x_wconf 83' lang='lat' dir='ltr'>deu</span> <span class='ocrx_word' id='word_1_344' title='bbox 760 3780 986 3838; x_wconf 71' lang='lat' dir='ltr'>commendasse.</span> <span class='ocrx_word' id='word_1_345' title='bbox 1030 3780 1132 3839; x_wconf 74' lang='lat' dir='ltr'>Gonu.</span> 
     </span>
    </p>
   </div>
   <div class='ocr_carea' id='block_1_4' title="bbox 133 3856 1251 4450">
    <p class='ocr_par' dir='ltr' id='par_1_9' title="bbox 133 3856 1251 4450">
     <span class='ocr_line' id='line_1_41' title="bbox 216 3856 1217 3950; baseline -0.004 -22"><span class='ocrx_word' id='word_1_346' title='bbox 216 3889 246 3950; x_wconf 89' lang='lat' dir='ltr'>p.</span> <span class='ocrx_word' id='word_1_347' title='bbox 258 3869 321 3935; x_wconf 81' lang='lat'>556</span> <span class='ocrx_word' id='word_1_348' title='bbox 336 3887 362 3927; x_wconf 85' lang='lat' dir='ltr'>v.</span> <span class='ocrx_word' id='word_1_349' title='bbox 378 3871 427 3929; x_wconf 86' lang='lat'>10.</span> <span class='ocrx_word' id='word_1_350' title='bbox 469 3864 647 3945; x_wconf 80' lang='lat' dir='ltr'>quibusdam</span> <span class='ocrx_word' id='word_1_351' title='bbox 664 3863 769 3943; x_wconf 79' lang='lat' dir='ltr'>rebus]</span> <span class='ocrx_word' id='word_1_352' title='bbox 798 3857 840 3926; x_wconf 76' lang='grc' dir='ltr'>δι’</span> <span class='ocrx_word' id='word_1_353' title='bbox 860 3863 956 3935; x_wconf 75' lang='grc' dir='ltr'><strong><em>αἰτίας</em></strong></span> <span class='ocrx_word' id='word_1_354' title='bbox 975 3856 1059 3934; x_wconf 72' lang='grc' dir='ltr'><strong><em>τινάς</em></strong></span> <span class='ocrx_word' id='word_1_355' title='bbox 1081 3871 1124 3924; x_wconf 87' lang='lat' dir='ltr'>est</span> <span class='ocrx_word' id='word_1_356' title='bbox 1142 3867 1217 3942; x_wconf 81' lang='lat' dir='ltr'>apud</span> 
     </span>
     <span class='ocr_line' id='line_1_42' title="bbox 133 3944 1219 4028; baseline -0.005 -16"><span class='ocrx_word' id='word_1_357' title='bbox 133 3953 282 4014; x_wconf 81' lang='lat' dir='ltr'>Zouamm.</span> <span class='ocrx_word' id='word_1_358' title='bbox 322 3959 416 4012; x_wconf 84' lang='lat' dir='ltr'>nostor</span> <span class='ocrx_word' id='word_1_359' title='bbox 436 3950 521 4010; x_wconf 85' lang='lat' dir='ltr'>habet</span> <span class='ocrx_word' id='word_1_360' title='bbox 542 3945 592 4011; x_wconf 76' lang='lat' dir='ltr'>deci</span> <span class='ocrx_word' id='word_1_361' title='bbox 613 3944 734 4028; x_wconf 78' lang='lat' dir='ltr'>percisos,</span> <span class='ocrx_word' id='word_1_362' title='bbox 755 3949 831 4027; x_wconf 88' lang='lat' dir='ltr'>quod</span> <span class='ocrx_word' id='word_1_363' title='bbox 846 3946 977 4024; x_wconf 88' lang='lat' dir='ltr'>quidsibi</span> <span class='ocrx_word' id='word_1_364' title='bbox 991 3946 1056 4005; x_wconf 79' lang='lat' dir='ltr'>velit</span> <span class='ocrx_word' id='word_1_365' title='bbox 1070 3965 1126 4006; x_wconf 90' lang='lat' dir='ltr'>uon</span> <span class='ocrx_word' id='word_1_366' title='bbox 1141 3965 1219 4008; x_wconf 84' lang='lat' dir='ltr'>usse-</span> 
     </span>
     <span class='ocr_line' id='line_1_43' title="bbox 133 4030 1218 4115; baseline -0.005 -19"><span class='ocrx_word' id='word_1_367' title='bbox 133 4056 213 4115; x_wconf 88' lang='lat' dir='ltr'>quor.</span> <span class='ocrx_word' id='word_1_368' title='bbox 253 4039 366 4098; x_wconf 84' lang='lat' dir='ltr'>historie</span> <span class='ocrx_word' id='word_1_369' title='bbox 380 4036 448 4096; x_wconf 83' lang='lat' dir='ltr'>haec</span> <span class='ocrx_word' id='word_1_370' title='bbox 464 4042 508 4095; x_wconf 89' lang='lat' dir='ltr'>est</span> <span class='ocrx_word' id='word_1_371' title='bbox 522 4041 634 4112; x_wconf 84' lang='lat' dir='ltr'>practer</span> <span class='ocrx_word' id='word_1_372' title='bbox 650 4040 755 4093; x_wconf 85' lang='lat' dir='ltr'>eeteros</span> <span class='ocrx_word' id='word_1_373' title='bbox 770 4034 845 4111; x_wconf 84' lang='lat' dir='ltr'>apud</span> <span class='ocrx_word' id='word_1_374' title='bbox 860 4030 1061 4092; x_wconf 81' lang='lat' dir='ltr'>Theodoritum</span> <span class='ocrx_word' id='word_1_375' title='bbox 1077 4032 1149 4091; x_wconf 85' lang='lat' dir='ltr'>Hist.</span> <span class='ocrx_word' id='word_1_376' title='bbox 1164 4032 1218 4091; x_wconf 83' lang='lat' dir='ltr'>Ee-</span> 
     </span>
     <span class='ocr_line' id='line_1_44' title="bbox 134 4111 1218 4201; baseline -0.006 -21"><span class='ocrx_word' id='word_1_377' title='bbox 134 4119 239 4186; x_wconf 65' lang='lat' dir='ltr'>uec</span> <span class='ocrx_word' id='word_1_378' title='bbox 268 4125 322 4197; x_wconf 85' lang='lat'>17,</span> <span class='ocrx_word' id='word_1_379' title='bbox 350 4119 425 4201; x_wconf 83' lang='lat' dir='ltr'>opud</span> <span class='ocrx_word' id='word_1_380' title='bbox 448 4121 673 4181; x_wconf 81' lang='lat' dir='ltr'>Soeomeoum7</span> <span class='ocrx_word' id='word_1_381' title='bbox 700 4117 758 4191; x_wconf 77' lang='lat'>24,</span> <span class='ocrx_word' id='word_1_382' title='bbox 787 4114 973 4195; x_wconf 87' lang='lat' dir='ltr'>Nicephorum</span> <span class='ocrx_word' id='word_1_383' title='bbox 997 4119 1036 4177; x_wconf 81' lang='lat'>12</span> <span class='ocrx_word' id='word_1_384' title='bbox 1060 4111 1111 4180; x_wconf 84' lang='lat'>40.</span> <span class='ocrx_word' id='word_1_385' title='bbox 1166 4117 1218 4176; x_wconf 83' lang='lat' dir='ltr'>sed</span> 
     </span>
     <span class='ocr_line' id='line_1_45' title="bbox 135 4198 1221 4286; baseline -0.005 -21"><span class='ocrx_word' id='word_1_386' title='bbox 135 4199 242 4286; x_wconf 71' lang='lat' dir='ltr'>praeire</span> <span class='ocrx_word' id='word_1_387' title='bbox 264 4205 357 4264; x_wconf 86' lang='lat' dir='ltr'>nullibi</span> <span class='ocrx_word' id='word_1_388' title='bbox 378 4206 523 4282; x_wconf 84' lang='lat' dir='ltr'>quadrant.</span> <span class='ocrx_word' id='word_1_389' title='bbox 565 4203 617 4262; x_wconf 86' lang='lat' dir='ltr'>nisi</span> <span class='ocrx_word' id='word_1_390' title='bbox 637 4208 773 4262; x_wconf 79' lang='lat' dir='ltr'>certamen</span> <span class='ocrx_word' id='word_1_391' title='bbox 791 4201 912 4260; x_wconf 86' lang='lat' dir='ltr'>circense</span> <span class='ocrx_word' id='word_1_392' title='bbox 929 4200 1043 4258; x_wconf 77' lang='lat' dir='ltr'>miuloo</span> <span class='ocrx_word' id='word_1_393' title='bbox 1060 4198 1174 4272; x_wconf 79' lang='lat' dir='ltr'>dixerit,</span> <span class='ocrx_word' id='word_1_394' title='bbox 1200 4217 1221 4260; x_wconf 77' lang='lat' dir='ltr'>a</span> 
     </span>
     <span class='ocr_line' id='line_1_46' title="bbox 135 4281 1219 4367; baseline -0.007 -17"><span class='ocrx_word' id='word_1_395' title='bbox 135 4290 213 4350; x_wconf 85' lang='lat' dir='ltr'>metis</span> <span class='ocrx_word' id='word_1_396' title='bbox 227 4291 326 4367; x_wconf 87' lang='lat' dir='ltr'>quibus</span> <span class='ocrx_word' id='word_1_397' title='bbox 339 4290 367 4348; x_wconf 86' lang='lat' dir='ltr'>id</span> <span class='ocrx_word' id='word_1_398' title='bbox 380 4287 573 4348; x_wconf 85' lang='lat' dir='ltr'>includeretur.</span> <span class='ocrx_word' id='word_1_399' title='bbox 595 4287 666 4349; x_wconf 79' lang='lat' dir='ltr'>lim..</span> <span class='ocrx_word' id='word_1_400' title='bbox 715 4289 752 4346; x_wconf 82' lang='lat' dir='ltr'>sd</span> <span class='ocrx_word' id='word_1_401' title='bbox 765 4291 866 4345; x_wconf 87' lang='lat' dir='ltr'>metam</span> <span class='ocrx_word' id='word_1_402' title='bbox 880 4284 923 4341; x_wconf 87' lang='lat' dir='ltr'>hie</span> <span class='ocrx_word' id='word_1_403' title='bbox 933 4281 1023 4341; x_wconf 82' lang='lat' dir='ltr'>allisus</span> <span class='ocrx_word' id='word_1_404' title='bbox 1035 4282 1105 4342; x_wconf 85' lang='lat' dir='ltr'>iacet</span> <span class='ocrx_word' id='word_1_405' title='bbox 1116 4283 1219 4358; x_wconf 70' lang='lat' dir='ltr'>xylon-</span> 
     </span>
     <span class='ocr_line' id='line_1_47' title="bbox 137 4367 1251 4450; baseline -0.006 -14"><span class='ocrx_word' id='word_1_406' title='bbox 137 4375 187 4436; x_wconf 87' lang='lat' dir='ltr'>der</span> <span class='ocrx_word' id='word_1_407' title='bbox 192 4417 203 4449; x_wconf 92' lang='lat'>,</span> <span class='ocrx_word' id='word_1_408' title='bbox 222 4375 330 4435; x_wconf 84' lang='lat' dir='ltr'>nescios</span> <span class='ocrx_word' id='word_1_409' title='bbox 346 4373 547 4436; x_wconf 77' lang='lat' dir='ltr'>decertationes</span> <span class='ocrx_word' id='word_1_410' title='bbox 560 4372 716 4450; x_wconf 73' lang='lat' dir='ltr'>congeram</span> <span class='ocrx_word' id='word_1_411' title='bbox 726 4389 818 4431; x_wconf 86' lang='lat' dir='ltr'>currus</span> <span class='ocrx_word' id='word_1_412' title='bbox 830 4369 866 4431; x_wconf 87' lang='lat' dir='ltr'>ad</span> <span class='ocrx_word' id='word_1_413' title='bbox 878 4377 987 4426; x_wconf 73' lang='lat' dir='ltr'>ouewm</span> <span class='ocrx_word' id='word_1_414' title='bbox 998 4367 1218 4444; x_wconf 71' lang='lat' dir='ltr'>agmnuumio</span> <span class='ocrx_word' id='word_1_415' title='bbox 1248 4402 1251 4409; x_wconf 86' lang='lat'><em>·</em></span> 
     </span>
    </p>
   </div>
   <div class='ocr_carea' id='block_1_5' title="bbox 0 0 1455 4775">
    <p class='ocr_par' dir='ltr' id='par_1_10' title="bbox 0 0 1455 4775">
     <span class='ocr_line' id='line_1_48' title="bbox 0 0 1455 4775; baseline 0 0"><span class='ocrx_word' id='word_1_416' title='bbox 0 0 1455 4775; x_wconf 95' lang='lat' dir='ltr'> </span> 
     </span>
    </p>
   </div>
  </div>
 </body>
</html>
