2850 4775
483 413 818 486 tortormotlns.
1125 413 1197 490 843

87 583 209 664 τιμίου
223 581 357 660 σταυροῦ
368 577 421 642 καί
432 584 490 644 ταῶ
501 577 591 661 α’γίου
605 575 795 663 είαγγελίου,
823 585 978 661 κατῆλθον
997 575 1201 654 λιτανεύοντας

89 669 193 750 μέχρι
212 670 277 730 τοῖν
298 669 460 747 βασιλικῶν
475 670 582 728 κυλῶν
602 670 664 729 τῶν
685 666 854 749 λεγομένων
872 669 1055 748 Κτεναρίωυ.
1092 667 1145 729 καὶ
1159 664 1199 746 δὴ

89 753 156 815 scol
171 753 314 825 ίκτεναῶς
326 743 416 829 εῶγῆς
428 749 606 832 γενομένης,
636 750 687 812 καί
703 749 776 831 μετα
790 745 978 828 κατανύξεως
992 751 1044 814 καὶ
1058 745 1201 833 δακρύων

91 842 230 902 πολλῶν
244 837 296 900 καλ
310 839 482 937 στεναγμῶν
496 831 531 898 τῶ
546 830 632 916 κύριε
647 835 770 914 ε’λὲησον
783 832 939 912 είυτόντων,
960 835 1152 916 ν’ττὲστρεψαν
1167 835 1201 899 ἐν

92 927 146 1008 τῷ
160 920 242 1004 «tyto
255 926 319 1006 ναῷ
333 943 406 999 μετα
424 922 518 1000 χαρᾶς
530 923 642 1000 πολλῆς
656 922 706 982 καί
721 917 943 1002 λαμπρότητος,
970 919 1027 1001 τήν
1040 923 1132 983 θείαν
1148 921 1200 984 καί

93 1002 256 1108 μυστικὴν
268 1004 454 1084 λειτουργίαν
466 1002 675 1102 ἐκτελέσαντες.
725 1005 776 1068 καί
792 1003 887 1080 οὕτως
902 1001 1154 1084 ῶυεστηλῶθησαν
1168 1007 1205 1070 ol

95 1087 578 1255 3555ιῖ1ἵῖίᾶίῖἷὲίῖ
581 1092 644 1236 tl
659 1095 787 1238 {2111ss
790 1095 867 1238 ’ἷίί
868 1095 1006 1238 ίιῖἷίιῗ
1007 1094 1136 1238 1156111
1148 1089 1202 1236 {t}

97 1263 205 1340 σεβῶς
226 1261 405 1339 κρατοῦντες
423 1253 497 1337 μενῶ
515 1261 572 1322 τοῦ
591 1260 755 1340 σεβασμίου
770 1260 821 1322 καί
837 1257 1004 1342 είγιωτῶτου
1017 1254 1201 1340 πατριάρχου

98 1343 273 1408 Manutius
293 1340 346 1406 καλ
366 1346 428 1404 τῶν
448 1338 505 1405 σῶν
527 1337 612 1427 αὐτῷ
627 1349 854 1423 μητροπσλιτῶν
875 1345 927 1408 καί
946 1343 1038 1410 τίσίων
1059 1339 1202 1423 τίσκητῶν

97 1425 138 1492 τῶ
161 1430 329 1532 τηνικαῦτα
349 1425 514 1490 {attonitos
532 1431 588 1491 τοῦ
610 1425 759 1508 ἑορτάζειν
779 1426 835 1509 τήν
854 1427 945 1513 ιίγίαν
964 1430 1016 1493 καί
1039 1429 1202 1510 σεβασμίων

99 1512 217 1594 ἕορτην
235 1507 357 1591 ταύτην·
370 1511 495 1592 ἐτησίως
516 1515 659 1594 λαμπρῶς
673 1513 707 1576 ἓν
720 1520 759 1599 τῇ
770 1519 826 1578 τοῦ
839 1519 916 1579 θεοῦ
930 1513 1042 1598 μεγάλη
1061 1514 1203 1598 ἐκκλησίην

98 1601 142 1682 τῇ
156 1591 263 1683 ττρῶτη
276 1601 405 1680 κυριακῇ
419 1601 481 1660 τῶν
494 1593 590 1679 οἱγίων
604 1603 766 1678 νηστειῶν,
796 1595 864 1680 ἥτις
879 1600 930 1664 καλ
944 1599 1028 1683 μέχρι
1040 1604 1096 1680 τῆς
1111 1599 1201 1681 δεῦρο

185 1677 195 1698 Ι

99 1681 284 1763 inacccssas.
326 1683 431 1743 Gora.

190 1767 256 1826 t.ll
276 1787 305 1846 μ
321 1764 381 1832 149
397 1785 422 1824 v·
437 1769 489 1833 20.
532 1761 566 1828 τὸ
582 1762 730 1847 πλήρωμα
743 1771 798 1846 τῆς
813 1767 989 1852 ἐκκλησίας]
1010 1787 1109 1828 omnes
1119 1787 1200 1847 pon-

102 1850 225 1928 teficum
238 1850 414 1909 clericorum
428 1860 456 1908 τί
471 1850 684 1911 τηοιιασίιοηιυε
698 1854 826 1912 ordines.
870 1855 972 1914 Goth.

191 1936 233 1994 to.
257 1955 284 1996 τ.
304 1939 356 2000 at.
397 1938 455 2019 τοῦ
468 1936 646 2018 Καριανοῦ]
669 1940 715 1997 ubi
729 1939 802 2000 filiae
817 1937 983 2002 Theodoraa
998 1937 1161 1999 habitabant
1171 1941 1202 1996 et

102 2019 239 2100 palatium
257 2026 426 2079 exstruxerat
439 2020 595 2080 ltiaurieius.
638 2023 744 2083 Gora.

192 2101 254 2161 cll
274 2121 302 2180 p.
318 2101 378 2163 150
394 2120 421 2159 τ.
437 2102 485 2163 18.
527 2098 638 2164 τοῶτσυ
653 2103 687 2166 ot
700 2102 757 2182 τήν
772 2100 949 2186 ὀλιγωρίαν]
970 2107 1045 2164 locus
1067 2101 1203 2162 obscuris·

105 2189 202 2246 simus.
244 2203 300 2262 ερο
321 2186 361 2242 sic
379 2182 519 2259 intelligo,
549 2186 694 2263 stipulator
710 2187 795 2246 luisse
810 2189 953 2266 pontifices
971 2193 1000 2246 et
1014 2186 1120 2266 scriptis
1138 2204 1205 2245 con·

103 2271 247 2343 firmasse,
275 2274 305 2346 et
326 2267 443 2328 salutem
467 2270 624 2348 imperatori
648 2270 800 2349 Theophilo
824 2274 1019 2349 impetraturos
1043 2279 1080 2329 ct
1097 2271 1205 2331 veniam

103 2361 283 2435 peccatoram
298 2352 354 2412 suis
369 2352 406 2412 ad
420 2353 503 2412 (lcum
514 2354 657 2432 precibus3
678 2355 755 2432 quod
774 2361 804 2415 et
820 2356 918 2415 fecisse
935 2375 983 2415 eos
998 2355 1122 2415 Zonaras
1140 2355 1206 2415 scri·

104 2443 158 2501 tit.
201 2458 297 2500 eorum
315 2456 382 2514 ergo
402 2438 597 2517 promissorum
614 2441 689 2519 ipsos
709 2441 846 2499 admonet
859 2438 997 2518 Augusta.
1039 2448 1068 2500 et
1089 2458 1206 2519 respon-

104 2526 178 2586 dent
191 2543 223 2583 se
237 2523 272 2581 iis
290 2528 428 2596 aarum,
461 2524 513 2581 etsi
527 2522 712 2601 Theophanes
734 2544 828 2602 parurn
849 2525 902 2585 hoc
923 2544 1020 2585 curans
1038 2526 1156 2583 minetur
1173 2541 1205 2584 so

106 2628 173 2669 suas
202 2606 315 2666 iniurias
341 2607 396 2665 dcc
425 2607 514 2665 iuclice
539 2615 754 2684 prosecuturum.
803 2608 920 2667 Zilicurn
949 2610 1069 2667 haeresis
1096 2610 1205 2667 videtur

105 2694 226 2754 chrisma
238 2691 454 2770 contempsisse,
475 2696 608 2768 quantum
623 2710 659 2751 ex
676 2691 729 2750 huc
747 2691 951 2750 narratiuncula
966 2693 1048 2749 datur
1063 2690 1207 2767 colligerea

106 2786 137 2839 st
150 2797 218 2837 usus
231 2794 293 2835 sum
311 2793 378 2835 soce
391 2774 538 2854 perlicere,
567 2778 644 2853 quod
668 2776 697 2833 in
710 2775 820 2835 Graeco
834 2788 878 2835 est
891 2779 1096 2853 τελειοῦσθαι,
1118 2782 1147 2836 et
1160 2794 1206 2835 sa·

106 2863 256 2923 monentis
274 2860 293 2917 ii
308 2860 477 2919 adscribunt.
498 2862 571 2919 Xru.
614 2861 650 2921 sle
663 2858 794 2935 Zilicibus
813 2859 855 2918 his
872 2869 902 2920 et
916 2862 1131 2938 quibuscumque
1144 2860 1205 2919 aliis

106 2946 254 3007 hameticis
266 2944 412 3005 chrismale
422 2944 630 3007 reconciliandis
643 2944 840 3023 Euchologium
858 2946 930 3005 uotis
944 2944 1105 3006 illustratum
1121 2946 1205 3009 thoo-

106 3029 198 3107 logice
208 3034 320 3087 tractat.
361 3029 459 3088 Gon.

194 3111 257 3170 t.ll
277 3131 306 3188 p.
327 3108 493 3174 158τ.14.
536 3107 690 3193 Ζογοραίν]
711 3112 830 3190 Mysiam
841 3114 998 3174 inferiorem
1017 3115 1053 3173 ad
1067 3114 1203 3173 Haemum

107 3202 241 3269 montem,
262 3196 338 3252 cuius
350 3201 454 3254 tractus
472 3196 508 3255 ab
526 3197 620 3257 incolis
634 3200 716 3259 etiam
731 3199 851 3278 Zagoria
865 3204 986 3261 vocatur.
1027 3198 1101 3259 idem
1119 3198 1204 3257 habet

107 3282 248 3345 Ζοωω.
291 3278 390 3337 Gora.

194 3366 255 3425 t.ll
275 3384 305 3445 p.
330 3362 393 3429 154
413 3378 441 3420 v.
467 3364 517 3424 10.
559 3360 872 3445 κρωτομανδᾶτωρος]
909 3365 1149 3441 magistrianorum
1173 3369 1204 3425 et

107 3470 276 3533 praeconum
293 3448 439 3528 praelecti,
460 3446 496 3506 de
509 3464 566 3524 quo
579 3466 671 3525 supra.
713 3451 812 3507 Goaa.

195 3532 237 3592 ib.
261 3554 287 3592 υ.
311 3533 361 3599 14.
395 3528 492 3610 ”Apso
513 3533 655 3610 proprium
676 3552 795 3607 nomen,
821 3524 954 3613 Ἀμηρᾶς
975 3532 1146 3595 santonicae
1160 3532 1204 3592 cli-

109 3622 238 3698 gnitatis‚
258 3619 288 3676 id
303 3626 347 3679 est
361 3619 453 3677 ducis:
480 3610 694 3698 ῶμερμουμνῆς
710 3626 755 3680 est
768 3638 906 3679 sacrorum
919 3619 1049 3698 principis
1065 3637 1121 3678 uon
1138 3638 1206 3698 pro·

108 3707 199 3784 prium
212 3703 264 3763 secl
280 3702 483 3781 appellativum.
525 3704 629 3761 Gora.

194 3797 215 3849 t.
230 3788 257 3847 ll
276 3808 306 3865 p.
322 3788 381 3851 155
395 3806 420 3846 τ.
434 3782 485 3849 14.
528 3782 685 3863 στρατηγὸς
698 3782 853 3865 τυγχάνων
866 3790 927 3848 τῶν
941 3786 1136 3869 Θρςικησίων]
1161 3786 1205 3843 in·

109 3874 193 3932 ferior
205 3870 356 3931 scholarum
371 3873 522 3929 domestico
540 3872 615 3941 dccx,
635 3873 682 3947 qui
695 3878 804 3948 partem
820 3880 925 3931 tantum
940 3874 1073 3933 exercitus
1087 3868 1206 3945 regeret,

110 3958 196 4017 idest
209 3957 373 4017 Thracicum
389 3954 491 4014 thema.
533 3956 637 4013 Gora.

194 4055 215 4102 t.
233 4041 259 4100 ll
280 4062 308 4120 p.
323 4040 385 4103 156
403 4058 429 4101 v.
442 4042 474 4101 9.
515 4036 566 4103 τίν
582 4042 658 4120 χοῦν
674 4036 768 4102 ἐκεῖσε
782 4035 941 4117 κατέθετο]
973 4036 1055 4097 credo
1069 4036 1108 4095 ita
1124 4034 1206 4095 intel·

109 4124 269 4201 ligantium,
289 4126 407 4184 uoluisse
419 4122 577 4184 llanuelum
592 4127 629 4185 ibi
643 4126 761 4204 sepeliri.
804 4126 878 4180 Χτι.

195 4214 216 4265 l·
233 4210 256 4265 ll
277 4230 306 4288 p.
322 4210 384 4273 157
400 4227 426 4267 v.
438 4211 468 4273 9.
511 4206 584 4287 parci
604 4208 742 4288 τὴντῶν
765 4200 927 4289 α’ναφίρων
948 4204 1114 4285 διοίκησιν]
1141 4204 1205 4280 lego

112 4286 300 4371 οἷνωφορῶνε
322 4312 395 4370 quae
410 4294 440 4353 in
453 4302 551 4354 senatu
565 4304 613 4354 aut
630 4298 697 4355 alias
708 4300 771 4354 acta
785 4300 891 4367 essent,
920 4293 1094 4353 Theoctistus
1111 4288 1205 4347 Theo·

113 4380 201 4440 dorae
213 4385 275 4439 erat
287 4378 463 4439 indicaturus.
503 4380 544 4440 sio
558 4387 589 4442 et
602 4380 747 4453 zonara„
776 4396 933 4459 quanquam
949 4366 1090 4457 ἆναφοριί
1105 4374 1205 4435 fortas-
