2850 4775
477 432 813 501 mmortrloum.
890 456 894 467 ·
1118 435 1193 505 797

179 621 214 683 p,
239 601 302 665 629
322 614 347 655 r.
367 600 398 661 2
439 597 501 657 mio
514 590 571 658 cisio
585 596 704 677 μεροῖν]
726 599 900 659 Prasinomm
918 599 1045 660 videlicet
1061 598 1196 661 etVene·

74 692 189 745 torum
204 686 364 763 frequenter
381 683 409 741 iu
423 682 598 743 Circensibus
611 686 803 744 certaminibus
819 685 1035 762 digiadiantium.
1076 686 1114 746 de
1131 688 1196 764 qui·

74 770 142 829 bus
157 770 240 830 stibi.
281 768 386 829 Gosn.
706 835 713 849 .

183 852 228 912 u.
250 872 278 913 s.
300 855 349 915 16.
392 848 476 923 sices
490 842 657 931 φρούριον]
690 851 772 930 queis
793 853 835 911 sic
860 852 978 933 explicat
995 852 1195 932 Theophanem

77 933 123 1011 ὃς
150 935 298 1019 ἐξώρισεν
319 928 414 997 οὔτᾶν
431 935 474 1007 εἰς
492 932 550 1015 min
565 934 683 1018 Πέτραν
703 932 738 998 mi
760 933 910 1018 φρούριον
930 930 1115 1017 cuciacus,
1140 936 1195 1001 sui

78 1023 160 1087 ἐκεῖ
172 1016 352 1101 ἐτελεύτησε.
397 1022 500 1082 Goon.

183 1129 215 1187 p.
238 1112 300 1172 630
320 1125 348 1167 v.
369 1109 399 1167 2.
441 1123 629 1184 permissorem
643 1102 808 1164 Macedonii'
822 1124 879 1165 nou
896 1105 1052 1165 Asctsotium
1070 1106 1119 1164 sed
1134 1105 1195 1164 Eu-

81 1193 220 1251 ehobum
242 1192 306 1269 tego
326 1192 355 1250 in
376 1188 487 1265 Eulogis
508 1188 668 1262 Theodori,
694 1183 859 1267 Εὕχὸλεον.
900 1200 930 1250 et
950 1210 1002 1269 pro
1024 1188 1195 1267 ἱεροσυλίαν

83 1280 204 1335 ibidem
226 1278 328 1335 rectius
350 1270 535 1351 ἱεροσύλους.
576 1273 613 1333 sle
632 1274 854 1355 Anastasiopoii,
881 1292 899 1334 a
918 1274 1009 1334 Nisibi
1031 1277 1130 1334 stadiis
1151 1277 1194 1339 98

84 1363 215 1434 dissito,
236 1360 387 1438 Procopius
401 1359 460 1418 ioco
474 1359 568 1420 citato.
609 1358 678 1433 quid
694 1356 786 1439 ω’ρεῖα
804 1360 875 1434 sint,
899 1360 1000 1417 Suidas
1015 1359 1124 1418 videtur
1139 1360 1194 1416 rio-

84 1466 179 1518 cere,
200 1464 262 1504 cum
277 1449 411 1523 ταμιεῖον
428 1444 638 1520 interpretatum
660 1448 690 1499 et
706 1446 856 1502 Graeceio
873 1444 1019 1501 Paodcctis
1032 1462 1084 1519 pro
1094 1443 1194 1502 borrco
1290 1488 1294 1494 .

87 1532 222 1605 ponitur.
264 1530 384 1604 alioquin
397 1534 534 1604 putassem
549 1520 638 1607 pitisio
653 1528 842 1600 scribendum,
863 1528 944 1585 mles.
985 1527 1056 1584 Xer..

186 1611 228 1669 ib.
252 1632 278 1669 v.
300 1616 351 1673 21.
393 1607 586 1686 Barbarum]
606 1611 680 1687 apud
696 1610 880 1687 Nicephorum
894 1611 992 1687 iegitur
1006 1610 1134 1684 Barbam,
1152 1614 1193 1675 16

90 1696 153 1758 35.
196 1695 330 1755 Euchaita
345 1695 409 1753 urbs
424 1694 516 1753 estad
532 1690 659 1765 Pontum,
680 1701 710 1751 ut
723 1714 755 1751 es
769 1696 946 1771 sequentibus
961 1702 1047 1772 patet.
1068 1697 1138 1753 iim..

184 1800 212 1858 p.
233 1782 290 1841 661
316 1798 343 1839 v.
368 1784 415 1839 14.
457 1778 612 1836 mansiones
634 1779 670 1835 ad
692 1780 803 1837 verbum
818 1780 889 1850 disi,
910 1798 982 1855 quae
1001 1779 1083 1856 tuigo
1098 1798 1195 1839 mona·

91 1865 185 1923 steria
205 1871 256 1921 aut
276 1862 394 1921 claustra
415 1862 554 1936 metuntur,
586 1865 659 1920 unde
682 1864 807 1921 monaehi
836 1862 1002 1945 ἔγκλειστοι.
1044 1866 1141 1924 alicubi
1165 1868 1195 1925 in

93 1950 224 2025 margine
240 1942 321 2025 μονή
336 1954 394 2017 est,
415 1948 490 2023 quod
507 1948 533 2003 in
548 1954 623 2004 textu
636 1942 722 2018 ναὸς,
743 1947 885 2026 tempium.
927 1950 965 2007 de
980 1950 1081 2009 Studio
1094 1956 1122 2008 et
1135 1951 1194 2008 cius

95 2036 171 2091 ueste
185 2035 248 2090 side
262 2040 292 2089 et
304 2032 425 2089 suidam.
445 2033 514 2087 xm.
556 2033 592 2088 de
604 2032 712 2090 inclusis
730 2035 870 2091 monacbis
883 2032 946 2092 vide
959 2034 1150 2093 Balsamouem
1163 2036 1193 2093 in

94 2116 398 2177 camtl'i'ruttauum.
439 2116 542 2172 (iona.

185 2221 216 2279 p.
238 2204 302 2264 682
328 2218 352 2256 r.
376 2202 405 2263 8.
458 2201 545 2255 uncis
571 2197 687 2275 gladiis
713 2199 904 2277 concidisset]
938 2194 1193 2283 ρῑμυλρκόπηοεν,

97 2287 174 2363 apud
191 2284 374 2362 Nicephorum
388 2291 440 2356 cst,
458 2302 505 2343 eos
521 2285 636 2341 exsectis
650 2285 749 2359 tinguis
764 2288 853 2343 adhunc
867 2288 983 2361 locutos,
1001 2291 1040 2349 16
1057 2289 1106 2351 36.
1122 2288 1194 2345 Χει.

97 2372 247 2430 correctius
264 2371 444 2447 interpretor:
480 2366 613 2426 Cabredcs
633 2382 733 2428 cutem
753 2370 897 2446 quosdam
916 2372 949 2427 in
963 2371 1086 2429 Perside
1103 2370 1192 2428 Chri-

97 2457 213 2511 sliurros
237 2473 305 2509 cum
324 2454 438 2510 aculeis
452 2453 621 2519 lacerasset,
642 2455 691 2510 illi
705 2457 906 2513 nihilosecius
920 2457 1109 2534 postmodum
1125 2477 1194 2512 arcs-

100 2537 292 2596 bulnverunt.
315 2555 367 2594 vrrs
386 2540 458 2595 enim
472 2534 572 2598 κόπτω
586 2540 665 2596 citeri
683 2543 711 2598 in
727 2542 925 2618 compositione
941 2544 1035 2600 iuncta
1046 2559 1192 2616 nusquam,

98 2624 247 2682 recentiori
258 2623 382 2678 Graecae
397 2621 539 2678 locutionis
552 2624 647 2695 modo,
670 2625 836 2691 scissionem,
857 2626 907 2681 sed
923 2626 1037 2682 aetionis
1055 2626 1192 2703 repetitas

97 2708 282 2783 frequentiam
298 2703 409 2767 indicat.
452 2707 490 2762 sic
505 2705 685 2782 ρὀβᾶοκοπώ
701 2710 818 2765 fustibus
833 2710 942 2784 saepius
954 2710 1050 2782 caedo,
1077 2728 1192 2786 σφυρο-

98 2793 188 2862 xozmi
209 2789 306 2847 rnatieo
326 2789 425 2846 iterum
445 2795 528 2864 atque
550 2791 647 2848 iterum
670 2793 768 2848 tundo.
811 2793 884 2850 crude
899 2788 1096 2871 ciysutouonui
1112 2794 1189 2854 uncis

98 2876 288 2952 scorpionibus
298 2871 399 2930 suricis
413 2875 512 2931 factam
526 2875 552 2929 in
563 2875 687 2932 cruribus
701 2877 876 2952 pedibusque
888 2876 1080 2938 lacerationem
1095 2880 1189 2958 potius

97 2978 183 3034 quom
198 2959 295 3032 giadiis
306 2959 513 3016 conscissionem
527 2959 682 3032 significare
696 2964 862 3020 censendum
874 2969 927 3022 est.
969 2963 1072 3020 Gonu.

184 3059 213 3118 p-
231 3043 292 3102 636
313 3059 338 3094 ο.
364 3046 409 3100 14.
443 3035 637 3124 Ἀκυντιονῇ]
659 3063 693 3102 ex
709 3046 863 3123 Acyntiauo
883 3066 1017 3108 murmure
1031 3051 1133 3125 flavo,
1155 3068 1190 3108 ex

99 3125 216 3201 Acyntio
230 3129 325 3180 monte
339 3124 374 3178 ad
389 3123 568 3181 Cbaiccdonis
583 3128 658 3182 tittus
674 3129 774 3188 dciato.
796 3127 931 3206 λάρνακα
944 3152 1009 3190 vero
1024 3135 1191 3210 interpretor

99 3227 224 3286 capsum
239 3214 268 3265 et
281 3205 443 3272 tumulum,
470 3209 659 3263 noncislum.
705 3212 903 3270 Constantinus
922 3217 951 3271 io
969 3217 1190 3294 porphyretico,

98 3298 128 3354 id
144 3301 187 3353 cst
198 3293 299 3364 mbro,
327 3291 370 3349 hic
388 3291 415 3347 iu
429 3290 532 3364 stuuo,
562 3291 678 3350 tustinus
697 3293 726 3350 iu
747 3290 978 3370 Proecooesiaco,
1005 3302 1034 3357 id
1049 3309 1092 3359 est
1105 3299 1190 3364 albo,

98 3378 127 3440 'l'
127 3379 231 3438 iberius
241 3378 269 3433 in
281 3376 406 3452 prasino
420 3393 555 3434 monnone
568 3377 645 3435 t'uere
658 3379 780 3457 repositi.
821 3380 927 3440 Gonu.

183 3482 211 3540 p.
233 3464 294 3525 637
316 3479 343 3518 v.
367 3463 395 3524 1.
438 3461 635 3521 Aounmm'uu
650 3459 791 3540 ἔστεψεν]
821 3465 938 3524 imtiuus
959 3485 1070 3526 uxorem
1090 3466 1191 3527 celebri

98 3563 200 3628 pompa
214 3564 358 3604 coronasse
372 3546 475 3623 primus
490 3547 596 3619 tegitur.
638 3548 825 3606 coronationis
845 3549 926 3610 ritum
941 3551 1027 3610 babes
1041 3553 1116 3631 opaci
1130 3551 1191 3610 Co·

99 3633 193 3692 diuum
208 3649 233 3691 c.
250 3634 287 3694 17
302 3638 330 3688 ct
344 3631 372 3688 io
387 3629 554 3705 Euchotogio
567 3636 662 3689 nostro
676 3635 712 3690 ad
727 3633 838 3692 cuicem.
879 3637 982 3693 Gora.

183 3715 224 3772 ib.
248 3735 273 3772 v.
296 3718 326 3776 2.
371 3713 479 3791 δῆμοι]
507 3735 620 3775 numero
635 3717 814 3774 multitudinis
828 3738 883 3777 uon
897 3721 1027 3799 poputum
1041 3721 1189 3796 gregatim,

100 3801 149 3860 sed
164 3799 252 3859 varias
267 3800 360 3876 popuii
376 3800 507 3858 sectiones
523 3811 672 3878 partesque
689 3803 716 3859 io
731 3801 801 3859 ludis
816 3807 924 3884 pompis
939 3806 1119 3865 conventibus
1136 3823 1190 3881 pu·

7 3917 9 3966 3
101 3886 178 3942 bticis
201 3885 255 3952 sibi
276 3886 391 3944 invicem
410 3901 462 3960 pro
485 3887 566 3942 variis
585 3887 720 3946 coloribus
739 3889 839 3964 quibus
859 3911 889 3949 se
907 3891 1044 3948 ornabant
1063 3889 1090 3946 i'n
1114 3891 1189 3947 varia

7 3969 8 3974 ’
100 3988 210 4044 quoque
230 3971 321 4026 studia
343 3985 536 4044 nonnunquam
554 3969 689 4032 abeuntes
707 3974 853 4050 significat.
895 3975 1045 4055 dequibus
1064 3973 1188 4031 nonnihit

99 4071 182 4132 supra
197 4059 225 4111 et
236 4053 306 4110 iutra
318 4053 461 4132 copiosius.
504 4053 607 4112 Gonu.

177 4135 220 4193 ib.
242 4155 270 4195 v.
292 4137 339 4197 13.
382 4136 563 4194 deinteritus
577 4138 706 4217 experte]
728 4141 919 4220 victeNicepb.
939 4145 978 4206 18
1001 4139 1052 4206 45.
1074 4139 1146 4201 xta·

183 4239 212 4299 p.
235 4221 297 4284 638
318 4241 342 4279 v·
366 4226 395 4285 6.
438 4220 631 4299 ἔδημοκροὶτει
644 4223 678 4287 mi
696 4225 822 4288 Βένετον
836 4226 944 4306 μέρος]
964 4227 1016 4285 hoc
1035 4230 1097 4293 est,
1122 4243 1188 4303 pars

100 4305 206 4365 Verseta
219 4323 303 4382 supra
316 4306 433 4383 reliquas
447 4313 503 4365 tres
518 4309 655 4366 eminebat
669 4318 823 4388 potestate,
853 4324 882 4370 et
896 4311 1037 4372 Prasinam
1051 4309 1104 4367 sibi
1115 4327 1189 4367 mm·

100 4410 148 4472 per
159 4387 293 4451 aemulam
306 4392 332 4448 ui
348 4393 450 4470 rapinis
464 4392 580 4451 tumultu
595 4395 725 4454 caedibus
741 4398 916 4458 devastabat.
959 4395 1092 4456 Venetam
1107 4398 1188 4453 vocnt
