2850 4775
476 405 812 475 ANNOTATIONES.
1118 407 1194 480 771

182 590 214 655 p·
236 572 299 639 269
318 588 345 631 v.
366 572 417 636 28.
462 568 564 651 Seres]
585 570 614 631 lri
635 572 683 631 ubi
698 572 799 631 luerint
819 571 975 651 eternales,
995 568 1194 653 dispotabinrus

80 649 174 721 alibi.
218 658 248 717 iu
265 654 389 733 margine
404 661 481 733 erat,
502 648 560 719 erin
574 648 737 729 ulteriore
750 654 818 721 elul.
837 653 1017 737 ossensele
1030 655 1065 721 ol
1077 657 1195 733 ritrole

80 764 158 805 που
171 744 307 805 τοιοῦτοι
320 738 406 803 siolo.
444 741 513 819 quirl
528 744 621 801 sutem
640 742 697 801 siut
708 740 802 801 Cales
821 760 851 822 p.
868 746 932 809 270
945 762 972 803 v.
984 746 1006 809 9
1018 743 1121 820 neseio,
1141 746 1196 805 nial

84 829 114 886 si
129 828 213 887 sorte
226 844 329 887 nomen
340 831 384 885 est
399 824 513 886 ludieae
529 825 620 904 gentis
639 824 838 887 hominivorae.
877 831 968 904 neque
980 824 1118 905 Agelseos
1130 848 1198 909 pro·

82 912 159 991 prio
174 910 215 971 sie
231 908 426 971 dietouomine
439 910 512 970 nori.
556 915 586 969 et
598 908 712 970 usone
728 911 811 970 donet
824 917 892 974 aule
905 912 974 973 haar
993 912 1078 974 verba
1090 932 1120 994 p
1132 914 1196 979 271

84 1014 117 1057 v.
134 1000 162 1063 2
179 994 267 1055 euius
278 992 427 1073 pabulam
442 992 547 1073 aliquid
561 993 706 1057 excidisse.
746 995 830 1054 Xer..

185 1132 218 1192 p.
240 1114 302 1176 277
322 1130 351 1175 v.
373 1114 406 1177 9.
445 1106 614 1189 animabit]
640 1105 748 1193 ζῴδια,
767 1111 1058 1187 qnodhaodseioae
1077 1111 1115 1173 ‹le
1137 1112 1198 1174 Zo-

88 1198 175 1258 ffisd
190 1198 277 1273 signis
289 1196 405 1256 voluerit
418 1194 545 1273 intelligi.
587 1198 707 1255 ueterum
723 1212 758 1255 ex
776 1195 906 1273 Diogene
924 1195 1056 1269 laertio,
1085 1214 1120 1257 ex
1133 1197 1198 1257 Ple·

88 1281 200 1342 tmrelro
212 1283 249 1341 de
265 1278 487 1359 philosophorum
500 1278 624 1360 placitis,
655 1296 690 1337 ex
703 1278 839 1339 Cieeroue
857 1286 887 1339 et
903 1278 965 1339 aliis
982 1279 1056 1339 malo
1072 1288 1199 1361 repetere

90 1366 234 1426 lectorem
254 1382 289 1424 eu
306 1382 378 1442 quse
395 1364 449 1422 hue
467 1364 624 1443 pertinent,
652 1380 735 1439 quam
754 1364 815 1442 ipse
827 1363 854 1423 ei
868 1363 924 1422 ista
936 1364 1098 1425 sunomndo
1111 1365 1201 1427 mole-

91 1449 159 1509 stus
175 1462 248 1510 esse.
289 1466 342 1509 nee
353 1448 469 1507 urendus
485 1447 599 1527 quidem
619 1464 714 1505 omnes
732 1448 882 1507 emendare
901 1446 946 1508 lrie
964 1448 1085 1523 institui,
1104 1450 1200 1527 qualis

91 1539 166 1593 sumt
177 1534 215 1592 sle
227 1540 318 1593 terrae
331 1533 434 1607 torma,
464 1526 500 1593 erl
516 1533 616 1609 σχῆμα
636 1522 732 1607 αὐτῆς
749 1525 844 1611 riyprlo
857 1525 1039 1612 στρογγύλον
1056 1534 1200 1611 χιονῶδες

92 1617 183 1700 λίθῳ
199 1608 410 1697 παραπλήσιον
423 1634 454 1693 p·
468 1616 531 1680 276
544 1632 571 1676 v,
584 1616 642 1688 21,
661 1631 735 1692 quae
751 1617 885 1675 nouisse
904 1616 1006 1695 notavi.
1048 1636 1145 1677 versus
1160 1619 1200 1686 ‹le

93 1700 271 1776 Anaxagora
291 1707 356 1758 sunt
376 1698 510 1775 Diogenis
527 1696 644 1759 Laertii.
685 1698 737 1757 sed
758 1698 894 1759 ‹listielron
914 1699 1052 1778 posterius
1068 1703 1201 1763 omusnm

95 1792 155 1847 est.
199 1784 281 1845 Plato
293 1802 350 1842 non
360 1780 455 1863 procul
470 1800 488 1842 a
501 1781 557 1840 line
570 1778 728 1842 l’lseerlouis
734 1782 878 1843 Socratem
892 1784 960 1844 feeit
973 1785 1011 1844 ele
1023 1784 1070 1843 illo
1080 1804 1202 1863 queren-

95 1878 178 1945 tem,
198 1869 276 1947 quod
289 1868 325 1927 de
339 1873 432 1927 mente
446 1866 611 1927 sententiam
629 1884 686 1925 non
710 1867 852 1928 tenuisset
894 1868 946 1928 sed
959 1866 1030 1929 hoee
1041 1870 1098 1932 alie
1111 1872 1202 1949 perti-

97 1962 181 2016 nent.
224 1952 349 2013 Platonis
364 1952 439 2011 loeus
451 1970 534 2029 quem
546 1950 691 2011 Cedrenus
702 1952 771 2012 citat
784 1972 819 2013 ex
833 1952 976 2030 Lem‘bus,
996 1958 1042 2015 est
1058 1954 1202 2017 (imbuas

97 2038 240 2119 principio
255 2036 317 2097 libri
333 2038 370 2097 de
383 2034 507 2112 Lem'bus
521 2036 613 2113 quarti
628 2036 737 2114 paginis
752 2036 800 2117 (p.
818 2038 882 2102 716
893 2038 938 2102 St.
945 2040 971 2115 ).
1013 2038 1051 2098 (le
1063 2038 1117 2097 ‹liis
1129 2040 1202 2098 ‹leo-

100 2142 166 2183 rum
178 2130 208 2183 et
223 2120 301 2182 Cseli
314 2121 447 2201 progenie
460 2120 535 2180 loeus
550 2125 593 2179 est
605 2120 634 2178 in
649 2120 775 2180 'l'imeeo
818 2122 894 2181 loeus
913 2124 951 2183 ‹le
970 2122 1038 2184 love
1062 2121 1201 2184 volumem

100 2214 215 2269 turnum
226 2214 330 2285 agente
344 2215 387 2267 est
400 2206 430 2265 iu
444 2204 564 2265 Phaedri
577 2204 682 2284 pagina
698 2211 808 2283 quarta.
849 2207 928 2265 Xer..

188 2329 219 2390 p.
238 2312 298 2375 291
320 2325 347 2367 v.
368 2310 398 2373 8.
443 2306 589 2385 Hyreano
603 2303 757 2387 fauebat]
791 2324 873 2367 nemo
893 2326 951 2368 non
976 2307 1055 2369 videt
1079 2307 1201 2389 perime

102 2393 175 2455 lraee
189 2397 263 2454 iuter
274 2413 306 2452 se
318 2393 475 2453 celsumere.
497 2411 551 2469 ego
566 2394 633 2450 setis
646 2391 737 2453 habeo
750 2392 881 2454 lectorem
893 2395 931 2454 ad
944 2393 1090 2473 losephum
1104 2393 1202 2472 legeu-

103 2481 171 2539 ulum
185 2479 324 2554 ablegare.
366 2479 430 2538 vide
444 2477 541 2536 numm
555 2465 689 2556 rilliquit„
706 2475 891 2542 llnbinitio.
932 2478 1013 2537 Xer..

190 2601 219 2660 p·
240 2577 303 2643 294
323 2597 349 2638 v,
373 2581 422 2642 18.
464 2587 492 2635 et
507 2573 698 2657 Decembris]
717 2597 830 2657 prorsus
843 2579 928 2644 estin
943 2579 1065 2653 Graeco,
1084 2582 1202 2638 dmm·

103 2683 152 2726 ses
165 2665 207 2724 ita
217 2665 347 2742 utrinque
359 2681 473 2722 numero
487 2669 680 2732 recensentur,
711 2669 743 2721 ut
759 2667 876 2724 erreturn
896 2681 960 2724 erae
977 2680 1042 2722 non-
1053 2662 1142 2740 possit
1157 2659 1203 2720 vi-

103 2749 176 2809 deri.
219 2755 314 2807 notum
333 2754 377 2806 est
395 2745 479 2805 hodie
492 2765 548 2805 non
562 2747 708 2811 Decembri
724 2748 775 2806 sed
791 2747 907 2806 Octobri
919 2765 969 2807 sex
985 2745 1084 2806 Nouus
1098 2744 1203 2819 tribui;

105 2851 181 2912 qrrae
200 2833 294 2911 opinio
306 2830 387 2931 inlr?
409 2831 492 2890 etium
514 2831 699 2908 perscribitur.
742 2828 777 2890 A.
796 2832 831 2889 Ι).
853 2831 1011 2907 significant
1027 2835 1094 2890 aute
1113 2829 1203 2891 diem.

105 2919 537 3074 nr.f⁰¹.r;..u.n”l.zl
555 2920 643 3057 ll.
658 2913 1065 3076 Quin
1089 2915 1203 3074 lue

106 3083 252 3142 voluissem
274 3081 479 3160 persequique
501 3081 707 3159 comprobando
732 3103 787 3158 que
807 3083 977 3160 refellendo,
1011 3079 1143 3162 prolixior
1168 3084 1203 3140 ut

106 3187 198 3230 essem
211 3165 373 3247 oportebat,
393 3171 424 3222 et
438 3163 586 3241 aliqnando
602 3163 737 3242 Oedipus.
780 3167 861 3227 er..

193 3287 222 3347 p.
243 3268 306 3330 296
323 3283 350 3326 v.
373 3267 423 3328 17.
472 3262 580 3344 Teum]
604 3265 633 3324 in
646 3265 755 3325 Graeco
768 3263 920 3345 eststlne.
960 3268 1012 3327 sed
1027 3271 1203 3344 egoseeutus
1302 3282 1305 3289 '

109 3373 169 3415 sum
184 3352 333 3410 historiam.
374 3347 597 3428 Bellerophontis
617 3355 645 3408 et
662 3348 809 3427 Hippolyti
829 3369 873 3409 res
890 3349 1013 3408 notiores
1032 3357 1100 3410 sunt
1117 3369 1204 3427 quam

108 3447 142 3499 ut
155 3440 192 3498 sle
205 3435 287 3496 iissit
300 3433 402 3514 aliquid
415 3434 613 3492 nunotnndnm.
635 3430 730 3492 Tenes
744 3440 948 3511 nutem,squo
964 3433 1054 3494 insula
1068 3433 1204 3496 Tensoos
1298 3420 1311 3435 ’

109 3541 213 3584 nomeu
229 3522 327 3596 hebet,
348 3517 435 3598 Cycni
448 3517 518 3576 filius
531 3515 658 3596 Neptuni
672 3535 762 3596 nepos
776 3517 862 3576 tuisse
879 3518 1015 3596 traditur3
1039 3520 1089 3596 qui
1103 3538 1205 3580 noser·

111 3627 162 3669 ese
184 3607 222 3668 ‹le
241 3614 336 3685 stupro
355 3607 444 3684 ipsum
458 3601 608 3681 appellanti
622 3599 742 3661 noluerit
753 3603 887 3678 obsequi,
918 3601 1038 3679 ideoque
1050 3604 1079 3661 in
1093 3621 1170 3666 reare
1184 3622 1206 3672 a

110 3699 193 3774 patre
205 3692 274 3752 luiso
287 3690 393 3751 crimini
408 3705 543 3747 novereee
557 3687 689 3746 credente
704 3686 733 3744 iu
748 3687 817 3745 eisla
832 3687 987 3763 expositum,
1008 3688 1150 3747 incolumis
1165 3687 1207 3748 ael

111 3777 227 3837 insulam
244 3775 427 3856 Leucophryn
446 3772 557 3832 delatus
576 3771 602 3830 ei
617 3787 719 3830 nomeu
733 3771 829 3831 lecerit
841 3770 935 3848 ibique
949 3773 1116 3848 regnaverit.
1159 3777 1205 3834 est

111 3862 166 3922 lroc
186 3864 263 3940 epurl
278 3861 412 3921 Tnetnom
431 3859 459 3917 iu
473 3854 699 3936 Lycophronem,
726 3856 802 3933 apud
820 3855 945 3916 liustutlr.
963 3856 1086 3920 inllied.
1099 3849 1128 3917 α’
1145 3861 1204 3929 38;

112 3948 161 4026 qui
173 3945 353 4007 Philonomen
369 3946 449 4003 istem
464 3958 624 4011 noveram,
656 3941 693 4000 eb
706 3938 946 4018 aliisl’olyboeam
962 3939 1095 4018 appellari
1108 3951 1205 4002 osten-

114 4032 170 4102 dit,
202 4033 287 4092 etiem
306 4032 335 4090 iu
357 4028 530 4105 Dionysium.
581 4032 668 4104 alque
687 4025 726 4083 ita
748 4032 793 4084 est
813 4025 889 4104 spnrl
912 4023 1074 4084 selroliosteu
1092 4044 1205 4104 quoque

112 4115 243 4193 Homeri,
263 4118 294 4176 in
306 4115 408 4175 <lictum
419 4113 518 4174 lorum.
560 4111 684 4170 meminit
699 4114 729 4170 et
745 4109 885 4170 Diodorus
901 4108 1006 4168 Siculus
1021 4109 1052 4169 in
1069 4109 1125 4170 fine
1141 4109 1205 4186 ln,

113 4201 164 4260 sed
177 4202 288 4260 nomine
299 4216 434 4260 novercae
449 4198 560 4256 omnso.
597 4201 692 4256 noster
702 4191 916 4272 Alphesiboeem
928 4200 1020 4253 voert.
1055 4213 1126 4274 quoe
1138 4195 1206 4254 seri·

114 4292 195 4367 ptura
207 4285 231 4344 si
243 4287 280 4344 sit
292 4291 382 4360 reela,
402 4283 470 4344 nihil
484 4287 528 4344 est
540 4279 668 4340 absurdi:
698 4298 765 4340 nem
778 4280 855 4357 quod
868 4281 943 4356 irlem
957 4278 1073 4340 Pelenm
1079 4277 1206 4356 Astyria-

115 4389 176 4433 mes
187 4371 354 4432 ebstmuisse
365 4369 419 4443 nit,
437 4387 499 4432 eem
512 4366 647 4430 Pindarus
658 4365 687 4426 io
701 4363 816 4428 Nemeis
828 4363 1009 4448 Hippolytum
1018 4364 1207 4444 Cretlreidn,
