2850 4775
473 430 812 508 ANNOTATIONES.
1120 438 1195 509 777

82 592 188 671 aliquo
209 593 291 655 titulo
313 602 492 675 exaequatam
513 600 634 679 novique
652 600 823 662 maiesmtem
841 606 984 681 assumpto
1000 606 1123 681 quodam
1137 606 1197 666 eius

84 680 199 757 insigni
215 682 418 742 manifestatum
432 683 519 744 uoluit
531 688 691 765 apostolus,
711 707 772 745 mum
790 684 918 748 πέταλον
939 686 1089 747 bracteam
1103 689 1197 747 ama

85 784 206 822 ιιααινα
223 786 349 825 caeream
365 770 450 827 tronti
467 770 595 847 praetulit
609 768 783 851 appensam?
825 772 1011 850 Hieronymus
1031 777 1069 836 de
1090 776 1195 836 Ecules.

85 851 200 930 Script.
216 853 247 910 in
263 851 422 929 Polycrate:
446 844 589 935 Ἰωάννης
610 851 644 930 ’ἃς
664 855 714 919 aa
737 852 771 919 cd
792 861 906 936 στῆθος
925 860 981 919 τοῦ
999 861 1107 937 κυρίου
1127 854 1196 923 uive-

85 936 192 1015 attan
214 934 267 999 aul
290 933 388 1017 iepedc
408 931 505 1001 αάτοδ
522 939 642 1021 γέγονε,
665 945 797 1021 χρυσοῦν
817 940 945 1004 πέταλον
962 940 995 1004 ἐν
1010 950 1052 1029 uqi
1069 939 1196 1029 peruiam

86 1015 255 1099 βαστάζων
273 1020 385 1103 μάρτυς
403 1021 456 1086 καλ
470 1019 648 1100 διδάσκαλος
663 1026 697 1088 ἐν
709 1020 824 1109 Ἐφέσῳ
838 1020 1000 1107 ἐκοιμήθη.
1040 1030 1078 1088 de
1095 1031 1196 1089 lacobo

87 1106 206 1165 domiui
221 1106 309 1168 fratre
323 1117 417 1169 narrat
430 1110 518 1171 simile
530 1111 701 1191 Epiphanius
714 1112 831 1173 Haeres.
844 1114 902 1177 78:
924 1104 1012 1185 οὗτος
1027 1110 1045 1176 ό
1056 1108 1197 1192 Ἰάκωβος

87 1190 148 1253 zei
170 1188 299 1255 πέταλον
318 1190 369 1256 toul
389 1197 444 1273 τῆς
462 1200 598 1275 κεφαλῆς
615 1190 749 1276 imbutos.
792 1198 850 1258 elus
876 1199 1035 1278 interpres:
1067 1197 1196 1257 Iacobus

86 1276 150 1333 iste
167 1273 320 1337 bracteam
333 1281 367 1337 iu
381 1281 478 1357 capite
489 1283 593 1361 gessit.
636 1284 741 1343 Gonu.

181 1396 211 1455 p.
225 1375 287 1442 485
304 1400 330 1444 v.
344 1378 375 1442 4.
417 1384 524 1462 magari
538 1384 678 1463 Gregorii
682 1384 788 1463 freter
805 1383 980 1462 Caesarius]
1005 1384 1079 1443 idem
1095 1383 1196 1442 Suidas

91 1466 125 1521 et
147 1460 206 1521 ulii.
249 1466 325 1541 qnod
347 1467 376 1525 in
399 1468 508 1528 Graeco
531 1473 654 1545 sequitur
670 1468 721 1532 tet
736 1462 880 1543 cerciaco,
902 1472 995 1529 neseio
1008 1467 1118 1545 legere:
1138 1468 1198 1526 tor-

90 1548 179 1605 tassis
195 1554 241 1607 est
255 1548 304 1610 ἐπὶ
321 1544 446 1613 σενάτον
465 1555 494 1611 in
513 1561 619 1615 senatu.
662 1554 749 1614 tuisse
766 1554 839 1613 hunc
856 1554 1018 1613 Caesarium
1035 1553 1197 1628 magistrum

90 1630 177 1689 aulae
191 1631 346 1693 Theodosii
363 1638 460 1715 primi,
481 1644 524 1696 est
541 1641 616 1717 apud
632 1636 821 1718 Nicephorum
836 1638 876 1701 12
898 1637 951 1702 44.
993 1638 1023 1695 id
1040 1638 1122 1696 valde
1139 1637 1198 1695 dit·

93 1715 186 1774 sentit
211 1716 249 1775 ab
272 1737 307 1777 eo
331 1722 407 1797 qnod
431 1722 584 1799 Gregorius
609 1722 755 1802 Nyssenns
778 1726 808 1783 in
831 1724 888 1783 vitu
907 1722 1080 1783 Nazianzeni
1101 1722 1196 1794 hebet,

93 1799 259 1861 Caesarium
275 1804 441 1864 Οοοοίοοῑίο
457 1808 612 1887 imperante
629 1810 729 1868 criris
740 1810 899 1869 excessisse.
920 1809 1001 1869 Χῖα.
1044 1814 1197 1866 exstantem

93 1882 125 1942 iu
149 1887 270 1944 vetustis
292 1889 374 1948 editis
396 1891 519 1951 cedreni
542 1893 742 1969 exemplaribus
767 1902 878 1966 notam,
899 1894 1007 1949 dnobus
1029 1889 1116 1949 literis
1139 1891 1197 1952 oe*

93 1968 287 2047 coniunctam,
319 1974 433 2032 coniicio
454 1976 577 2033 indicare
602 1974 744 2055 σενρέτον
771 1978 815 2035 vel
844 1982 876 2035 ut
900 1974 1044 2054 Xylander
1071 1978 1199 2053 opinatur

95 2046 243 2127 σενάτον,
271 2054 315 2115 rel
334 2057 471 2135 deniqne,
499 2060 529 2117 ni
550 2060 747 2134 subsisteret,
775 2054 918 2133 ouoo‘doo.
960 2060 1046 2137 eligat
1065 2060 1119 2116 sibi
1138 2058 1201 2137 pla·

93 2137 198 2212 dun,
219 2138 263 2198 vel
279 2140 422 2201 certiorem
438 2144 561 2221 proterat
577 2144 646 2203 alius
662 2147 856 2204 coniecturam.
898 2145 1003 2200 Gonu.

180 2259 211 2319 p·
222 2234 285 2303 437
301 2260 328 2303 v,
344 2244 395 2306 17·
436 2234 599 2321 Ἀδριανοῦ
611 2236 737 2322 θήρας]
759 2242 903 2301 confundit
926 2240 998 2300 hane
1021 2245 1118 2299 unctor
1141 2259 1198 2301 non

93 2324 211 2399 ἰρτιοίαα
229 2344 291 2381 cum
308 2324 445 2383 Thracica
461 2324 650 2405 adrianopoli.
693 2332 723 2385 at
745 2324 871 2404 Mysiae,
891 2343 948 2385 nou
972 2324 1109 2385 Thraciae
1132 2327 1199 2386 urbs

95 2413 157 2480 est,
177 2413 207 2465 et
227 2425 245 2465 a
262 2405 433 2486 Cuspiniano
451 2427 485 2470 ex
502 2409 595 2471 Dione
610 2419 641 2473 et
657 2413 795 2472 Suetonio
810 2409 948 2470 Adriani
963 2413 1101 2470 vencelino
1114 2422 1199 2490 septa

93 2497 277 2570 nuncupatur.
318 2492 425 2558 Gora.

179 2591 223 2650 it.
247 2611 276 2653 v.
296 2592 346 2656 18.
388 2597 423 2654 ta
446 2595 588 2676 Μίαίίο]
619 2597 674 2658 hoc
701 2598 770 2675 quid
797 2599 856 2672 sit,
885 2615 944 2658 non
966 2594 1047 2656 facile
1069 2597 1195 2658 dixerim.

93 2678 172 2758 apud
199 2677 368 2757 Xiphilinnm
387 2699 423 2740 ex
439 2679 530 2742 Dione
549 2683 614 2742 urbs
629 2684 788 2762 simpliciter
801 2675 963 2760 Ἀδριανοῦ
975 2683 1074 2759 θῆραι
1088 2681 1197 2756 dicitnr,

92 2763 173 2840 quod
187 2763 439 2824 vastatoriam
454 2773 533 2845 septa
547 2769 682 2828 convertit
696 2767 814 2827 Merula.
857 2769 955 2827 eodem
973 2765 1056 2824 modo
1071 2765 1197 2825 Zonaras

92 2847 191 2908 habet.
232 2847 411 2928 Spartianus:
438 2853 572 2930 oppidum
592 2850 807 2912 Adrianotheras
821 2851 859 2910 in
878 2851 999 2930 quodam
1021 2849 1105 2924 loco,¹
1118 2851 1196 2926 qnod

95 2931 151 2990 illic
163 2938 194 2993 et
205 2931 320 2994 feliciter
334 2941 408 2994 essct
422 2941 539 2995 venatus
551 2943 581 2996 et
593 2955 686 2996 ursam
698 2937 862 3011 occidisset,
882 2935 1033 3011 aliquando
1046 2936 1195 2993 constituit.

94 3016 164 3090 quid
186 3019 211 3074 ri
234 3011 368 3092 μιτάτοις
388 3021 499 3080 metatis
519 3020 675 3098 significare
694 3021 808 3096 debuit,
834 3028 867 3078 nt
884 3018 1001 3077 Adriani
1021 3019 1196 3076 venationem

94 3098 178 3156 certis
203 3099 284 3156 metis
302 3119 335 3158 uc
353 3103 454 3160 linibus
472 3103 545 3161 urbis
561 3105 691 3162 inclusam
710 3101 863 3178 designati
882 3100 963 3162 Χῖα.
1004 3102 1126 3170 maara,
1145 3120 1196 3160 scu

93 3179 220 3241 Latinius
235 3182 322 3242 maris
336 3193 462 3253 natata,
483 3192 635 3245 castrorum
653 3186 714 3245 loca
731 3187 913 3264 interpretor,
933 3185 963 3245 iu
983 3186 1084 3262 quibua
1107 3191 1196 3245 staret

94 3268 139 3326 vel
152 3269 281 3343 longiore
293 3269 467 3347 protectione
483 3277 610 3349 suscepta
624 3270 763 3350 paululum
777 3271 930 3348 quiesceret
945 3272 1088 3332 cxcrdtus.
1130 3270 1195 3329 hinc

93 3361 263 3423 metatores,
283 3353 434 3431 dequibus
447 3352 612 3433 Vegetius2
631 3356 661 3416 7.
704 3355 810 3418 (losa.

179 3475 209 3533 p.
223 3449 287 3517 438
302 3473 330 3516 v.
343 3456 373 3518 8.
414 3475 511 3514 onnus
523 3455 640 3514 'aetates
658 3455 787 3534 adeptae
805 3452 932 3532 multos]
952 3450 1142 3532 xiphilinum‚
1165 3460 1196 3516 et

93 3556 160 3599 vero
181 3539 211 3598 id
232 3539 308 3614 qnod
329 3541 472 3620 perspicue
489 3560 583 3600 verum
606 3549 686 3616 erat,
718 3547 827 3601 murum
850 3539 895 3597 nic
920 3555 989 3596 sum
1040 3556 1105 3598 nam
1128 3538 1196 3598 illud

93 3617 209 3703 βιάσας
228 3618 285 3702 μὲν
305 3620 355 3704 δοη
378 3627 395 3698 ζ
412 3631 457 3685 est
470 3626 506 3685 ab
522 3627 614 3704 aliquo
629 3625 750 3705 positum
766 3627 814 3703 qui
829 3623 994 3700 elegantiam
1011 3624 1196 3702 inscriptionis

92 3729 151 3768 non
164 3707 310 3771 intellexit
350 3709 406 3770 tuit
418 3711 594 3772 scribendum
608 3705 722 3792 βιάσας
736 3706 792 3790 μὲν
806 3707 857 3786 ἔτη
869 3701 967 3770 πολλά
981 3707 1026 3766 vel
1046 3708 1099 3781 (ut
1112 3708 1196 3768 babet

92 3793 273 3874 Xiphilinns)
292 3788 376 3856 uduo·
428 3813 493 3856 nam
514 3796 597 3856 vitam
617 3797 675 3856 otio
695 3802 727 3857 et
745 3793 944 3872 tranquillitate
958 3799 1114 3866 carentem,
1133 3811 1197 3852 cum

92 3878 243 3938 iniucunda
266 3879 380 3954 suisset,
406 3881 480 3939 ritae
503 3881 615 3940 nomine
635 3899 692 3940 non
719 3881 893 3956 dignabatur.
936 3893 970 3934 ac
993 3876 1065 3954 ζῆν,
1092 3878 1197 3951 meere,

93 3979 146 4039 pro
171 3963 293 4022 suaviter
316 3971 347 4022 et
367 3963 484 4022 iucunde
504 3966 597 4024 ritem
617 3966 727 4024 demum
750 3963 817 4041 poni
839 3961 906 4018 satis
923 3965 1017 4020 notum
1036 3967 1081 4020 est
1098 3960 1142 4020 vel
1160 3979 1196 4020 ex

94 4048 295 4121 epigrammate
316 4048 353 4108 de
375 4048 449 4108 horis
468 4049 588 4124 diurnis,
609 4051 639 4108 in
660 4066 717 4127 quo
735 4056 780 4109 est
798 4043 913 4104 “vivae
927 4055 997 4123 post
1015 4045 1088 4104 illese
1107 4045 1194 4103 litera

96 4129 170 4186 Zeta
184 4125 296 4189 iubet.''
336 4133 415 4194 Xan.

180 4231 219 4288 ἰδ.
237 4253 263 4292 v.
276 4235 306 4296 9.
348 4235 395 4294 ubi
415 4235 559 4295 Cedrenus
579 4233 664 4294 refert
683 4233 835 4293 Adriaunm
851 4233 965 4294 urbibus
984 4240 1070 4310 atque
1087 4230 1191 4290 civibus

97 4313 193 4374 debita
206 4317 357 4391 dimisisse,
376 4320 405 4377 in
419 4320 543 4394 margine
558 4322 728 4396 assignatum
743 4325 802 4379 est:
823 4320 912 4381 eorico
926 4315 978 4382 καλ
990 4317 1009 4380 ὅ
1023 4311 1094 4398 ἐμάς
1108 4316 1192 4395 βασι-

45 4389 50 4410 ’
95 4395 164 4478 tete
176 4393 303 4477 Ἰσάκιος
316 4397 379 4485 ipa
390 4407 430 4488 'll
444 4397 608 4488 άναρρνὶσει
621 4403 773 4486 ἐποίησεν.
814 4404 891 4465 Xut-
