2850 4775
249 410 323 485 778
568 408 791 479 xlnmnm
815 408 871 478 ΕΤ
895 410 1029 485 Gonu

332 575 476 657 p.488v.
493 576 541 643 18.
582 576 852 658 *Tlnrmwenrinl
873 574 1357 658 mammaea-masas&

248 669 371 744 possunt.
382 681 475 741 nequo
490 662 604 723 omnino
620 663 676 723 hue
691 664 851 743 pertineant,
872 665 922 724 seul
938 665 977 723 ad
995 665 1165 736 naemu,
1183 662 1234 740 qd
1247 664 1324 724 lietis
1336 682 1357 719 a

249 747 359 808 Plotina
375 747 497 825 Angimta
513 747 599 809 literis
615 746 740 809 Traiano
756 748 907 830 auopuun
923 748 982 808 l'ait.
1031 755 1143 810 onustat
1163 746 1219 807 lrot
1241 764 1276 806 u
1297 748 1357 806 Xi-

248 833 354 913 philino
367 830 517 910 spartiano
533 832 645 893 zonara
659 840 745 910 atque
759 832 831 892 aliis.
873 832 952 894 Xan.

334 935 366 996 p.
390 913 453 978 489
477 934 503 977 v.
522 914 553 979 4.
596 917 820 995 Bardeamnn]
852 918 999 997 perspicue
1019 914 1092 975 falso
1111 915 1159 974 hie
1178 914 1354 975 heduis

247 1019 349 1067 nomen
373 1000 542 1074 inculcatur,
571 1001 703 1075 hominis,
726 1009 757 1061 ut
776 1002 852 1062 aliud
870 1002 938 1061 nihil
955 1003 1059 1072 hum,
1079 1000 1158 1076 Syri.
1200 998 1355 1077 regumn

248 1084 335 1165 aprici
352 1083 488 1164 Phryges
505 1086 680 1144 Prii-erilem
693 1091 745 1145 ele.
787 1086 826 1146 ‹le
840 1086 1002 1147 Baralerane
1015 1086 1080 1146 ride
1095 1082 1199 1143 Emi).
1216 1086 1276 1143 lina
1286 1083 1353 1141 ibri

248 1170 339 1248 quarti
355 1170 447 1229 histor.
461 1166 565 1231 Eoeles.
607 1168 644 1229 ele
665 1169 867 1249 Cataphrygon
887 1172 1011 1246 haeresi,
1031 1169 1205 1228 manumet
1220 1168 1354 1227 ialam-

249 1260 342 1313 vatum
358 1254 497 1313 Priscillae
511 1276 545 1315 ao
562 1253 745 1326 Maximillae,
766 1253 875 1315 idemh
899 1258 940 1316 16
960 1263 991 1317 et
1003 1253 1085 1318 alias.
1125 1252 1207 1313 Χιι..

333 1336 375 1395 ib.
398 1357 424 1397 v.
449 1336 498 1400 15.
541 1340 568 1395 ia
585 1358 655 1396 enni
673 1332 834 1416 millarini]
863 1339 892 1395 in
913 1340 1039 1415 margine
1056 1339 1126 1399 haer
1143 1339 1273 1397 stabant:
1291 1333 1354 1398 {xi

249 1425 307 1484 roei
329 1416 390 1503 mpii
414 1416 510 1484 aizoo
528 1414 711 1486 ’Λντωνίνου
730 1426 820 1486 reiro
841 1419 984 1504 γενέσθαι
1002 1419 1021 1485 ὅ
1042 1418 1222 1500 σοφώτατος
1241 1414 1355 1501 γρᾶφει

251 1507 424 1586 Θεμίστιος,
451 1502 549 1581 ilinc
568 1504 602 1570 ii
623 1505 675 1570 rol
698 1501 755 1589 οὔχ
775 1501 881 1580 οὕτως.
921 1506 1076 1587 apologiae
1099 1507 1197 1565 lostini
1219 1506 1354 1583 Martyris

249 1592 388 1652 sanandae
408 1592 551 1653 subiuncta
571 1598 616 1651 ert
639 1612 673 1651 en
690 1592 727 1650 sle
743 1611 774 1651 re
790 1594 877 1668 ipsius
893 1586 1029 1651 Antonini
1043 1590 1175 1669 epistola:
1196 1591 1249 1649 soal
1265 1592 1354 1648 naias

250 1693 284 1733 oa
306 1676 357 1746 sit,
378 1674 456 1735 Piine
477 1693 514 1733 on
535 1674 710 1753 Philosophi,
735 1675 838 1749 ambigi
857 1682 962 1754 potest.
1003 1694 1041 1737 ex
1058 1676 1199 1737 Oresio?
1223 1674 1263 1736 15
1282 1676 1353 1732 satis

247 1762 328 1836 patet
346 1758 397 1817 snb
419 1755 584 1836 Philosopho
601 1774 665 1816 eam
681 1774 740 1815 rem
755 1764 878 1833 geatam,
899 1758 1022 1835 iternqno
1036 1780 1072 1819 ex
1085 1760 1202 1819 Ensehii
1215 1760 1355 1817 namatio·

248 1860 314 1900 num
336 1842 447 1911 ordine,
465 1848 494 1900 et
508 1843 584 1917 qaod
599 1842 712 1900 fratrem
728 1838 842 1901 alterins
855 1841 989 1900 Antonini
1008 1844 1155 1915 (nimirum
1167 1842 1254 1916 Veri)
1274 1844 1354 1902 nar-

248 1945 309 1984 rum
331 1926 372 1984 ait
392 1924 493 1985 hellam
513 1925 707 1985 Germanicam
726 1925 846 2002 gessisse
863 1932 893 1985 et
908 1926 1074 1985 Christianis
1086 1928 1265 2003 preeuntibus
1277 1930 1353 2004 aqua

247 2010 380 2089 potitum,
401 2008 422 2071 5
443 2008 474 2071 o.
517 2010 569 2070 sed
584 2016 613 2069 et
627 2008 725 2068 hlelito
741 2009 818 2087 apml
831 2006 951 2070 eundem
961 2010 1045 2089 paulo
1055 2017 1121 2069 ante
1132 2009 1250 2068 Adriani
1261 2028 1353 2086 nepo-

248 2103 305 2154 tem
324 2090 464 2171 appellat,
485 2088 507 2155 4
524 2093 576 2155 26.
623 2092 780 2171 xiphilinus
798 2112 911 2170 qnoqne
932 2102 961 2153 et
979 2094 1106 2155 Zonaras
1122 2112 1158 2153 ex
1174 2090 1270 2153 Dione
1285 2092 1353 2151 Phi·

246 2176 355 2257 losoplri
372 2177 485 2257 inperio
500 2197 559 2239 rem
574 2183 696 2238 ormont.
739 2175 823 2237 lolius
839 2179 906 2237 item
921 2178 1095 2256 Capitolinus
1109 2186 1140 2237 et
1154 2178 1353 2237 Gemnmaieum

248 2262 556 2341 Mamomanuieumque
569 2262 640 2323 bella
654 2262 691 2322 ab
703 2261 757 2321 hoo
768 2268 849 2340 gesta
864 2263 967 2322 diserte
982 2262 1103 2335 inaliout,
1126 2269 1156 2322 et
1167 2270 1233 2321 enm
1249 2262 1352 2345 hainen

248 2354 347 2408 eontra
368 2347 488 2408 hostium
510 2347 757 2409 machinamentum
777 2366 934 2428 aquamque
951 2348 1010 2408 suis
1028 2348 1077 2409 siti
1092 2347 1285 2409 hbomntihm
1299 2346 1352 2408 eli-

250 2435 340 2493 cuisse
355 2433 482 2511 precihus
498 2441 641 2494 memorat·
683 2433 765 2499 Xan.

330 2523 359 2598 p.
373 2513 438 2580 440
451 2536 479 2581 v,
490 2519 539 2580 16.
583 2518 626 2593 εἰς
640 2512 819 2596 μετάνοιαν]
841 2516 993 2578 hamericus
1004 2517 1051 2574 ml
1058 2517 1297 2596 resipiscentiam
1306 2517 1351 2575 in·

248 2607 433 2681 terpretatur,
457 2603 628 2663 orthodoxos
642 2601 686 2660 acl
695 2603 921 2681 poenitentiam.
967 2602 1071 2664 cosa.

335 2683 377 2743 ib·
392 2702 419 2746 v.
435 2687 483 2748 19.
525 2689 647 2748 narmtio
666 2687 703 2747 ale
722 2708 758 2748 eo
776 2688 824 2766 qui
842 2705 927 2746 arena
942 2685 1103 2766 baptizatus
1118 2685 1173 2744 init
1187 2691 1235 2746 est
1248 2704 1285 2745 ex
1297 2683 1351 2745 Ns·

250 2768 362 2846 eephori
383 2769 439 2828 line
456 2773 525 2830 tomi
544 2774 628 2834 tertii.
669 2773 722 2832 sed
738 2773 806 2831 haee
822 2772 908 2831 verbu
923 2790 993 2848 ergo
1008 2773 1082 2850 qnia
1095 2769 1176 2827 nihil
1187 2778 1240 2829 ete.
1283 2771 1352 2847 qu’d

250 2854 303 2912 sibi
320 2850 420 2920 velint,
440 2857 541 2912 neseio.
562 2856 642 2916 Xan.
684 2876 717 2916 se
730 2858 820 2934 ipsum
833 2857 927 2933 itaque
938 2874 996 2914 non
1012 2855 1151 2934 intelligit.
1192 2855 1296 2935 planas
1308 2860 1353 2913 ert

249 2943 344 2996 tamen
357 2935 501 2996 verborum
516 2957 623 2996 sensns.
665 2960 735 3015 eigo
749 2942 822 3016 quia
834 2939 913 2997 nihil
923 2939 1029 2998 hemam
1036 2943 1107 3020 snit
1122 2957 1225 3000 nme
1241 2939 1351 3016 hoplit-

248 3041 325 3094 mus,
348 3027 380 3081 nt
401 3021 449 3099 qni
472 3023 510 3080 aul
531 3023 704 3103 figurativam
726 3025 836 3100 llloysi,
857 3025 1084 3102 poenitentialem
1102 3024 1232 3097 loannis,
1253 3041 1351 3082 saua-

248 3105 394 3164 mentalem
419 3107 539 3181 Christi,
570 3109 752 3184 sangniueum
775 3113 927 3185 martyrum
951 3111 1073 3169 revomi
1096 3109 1243 3185 nequiret,
1273 3109 1352 3165 msto

249 3207 310 3244 non
326 3197 369 3242 est
383 3199 530 3262 racrphm,
551 3193 600 3267 qni
617 3199 776 3273 sriscepemt
789 3191 864 3251 illam
877 3191 1033 3254 netimeas.
1076 3193 1184 3254 cois.

332 3290 363 3352 p·
384 3269 446 3334 442
470 3291 497 3332 v.
517 3273 547 3333 6.
589 3275 708 3334 Severus
737 3278 785 3354 qai
809 3279 846 3335 sit
872 3277 946 3337 idem
967 3279 1044 3356 qnod
1062 3277 1217 3339 haereticus
1235 3277 1347 3350 ignom-

246 3357 332 3416 eredo
349 3361 441 3416 antem
459 3356 527 3416 haee
543 3375 561 3415 a
577 3356 661 3414 seiolo
678 3359 764 3417 troisse
779 3361 938 3435 adscripta,
956 3365 1004 3436 qui
1024 3364 1157 3419 Sevemm
1179 3359 1348 3415 haereamus

246 3437 356 3513 nosset3
377 3441 414 3499 ‹le
431 3460 488 3518 quo
504 3440 647 3500 Cedrenns
663 3449 763 3518 postea
781 3441 856 3498 ‹lieet
873 3443 902 3498 in
912 3427 1075 3503 'Aurelianm
1096 3442 1176 3500 Xan.
1217 3439 1289 3498 nihil
1303 3440 1348 3500 hir

246 3543 307 3583 eum
330 3523 473 3602 Xylamlro
495 3543 513 3583 a
534 3523 618 3585 sciolo
640 3527 736 3600 quovis
760 3523 888 3584 existimo
911 3534 1078 3604 eornsptunr.
1123 3523 1254 3582 aem
1271 3525 1349 3584 enin

245 3608 354 3668 Latinis
376 3627 437 3668 enm
460 3619 585 3680 trierem,
605 3608 753 3686 rigizhun,
773 3606 922 3666 sriiulierm
938 3615 993 3670 ete.
1034 3616 1135 3684 sonet,
1152 3609 1260 3689 poterit
1275 3628 1350 3686 qno-

246 3713 303 3771 qne
319 3711 372 3772 pro
388 3693 522 3763 exitiali,
540 3696 730 3770 pernicioso,
753 3701 784 3754 et
801 3700 834 3753 nt
847 3691 968 3772 loquitur
982 3692 1131 3773 Apuleius,
1146 3697 1348 3771 paoriptorio

247 3780 333 3852 sami,
356 3795 438 3857 quem
454 3779 563 3840 Gmooa
577 3797 631 3840 vox
646 3775 797 3860 aiqmaao‘e
816 3779 867 3854 (et
881 3780 906 3837 si
920 3778 1006 3838 nam
1021 3773 1231 3863 oiamperaao'e)
1250 3779 1348 3838 refert.

248 3862 355 3920 Goan.

333 3943 375 4002 ib.
393 3965 420 4004 v.
438 3947 487 4010 17.
528 3942 693 4028 κυνήγιον]
715 3955 858 4005 venatum
874 3947 952 4025 apud
968 3953 1110 4008 anrtorem
1127 3945 1349 4023 tempsanae

250 4033 279 4090 in
294 4027 440 4090 Antonino.
463 4031 506 4090 hie
518 4039 549 4094 et
560 4034 686 4112 sparsim.
700 4052 757 4091 non
772 4038 804 4091 nt
815 4031 941 4109 plerique
955 4035 1127 4112 cynegium,
1142 4031 1193 4090 real
1205 4049 1347 4103 errem,

251 4116 339 4174 loenm
361 4112 499 4172 certamini
518 4135 580 4175 eam
599 4118 695 4177 bestiis
715 4115 859 4176 subeirnelo
880 4115 940 4188 (ml
953 4117 1149 4179 occidentalem
1162 4115 1239 4175 urhis
1253 4119 1349 4192 regio-

252 4218 315 4257 nem
330 4196 419 4257 adhuc
434 4196 518 4256 lrmlie
533 4197 665 4280 κυνηγός
681 4201 781 4272 anilii)
801 4199 979 4276 deputatam,
1002 4204 1040 4263 ad
1061 4201 1138 4306 quod
1161 4199 1223 4260 illae
1241 4202 1347 4259 ibidem

252 4285 280 4340 in
294 4283 383 4341 caveis
395 4287 424 4341 et
436 4283 523 4340 lovois
535 4284 650 4362 pubheis
665 4285 819 4363 sumptibus
833 4280 993 4352 alebantur:
1014 4285 1049 4348 ir
1060 4309 1101 4370 qo,
1122 4283 1217 4345 senhit
1231 4286 1347 4360 Saldae,

251 4365 425 4448 torminum
441 4363 473 4428 oi
485 4360 665 4446 limatiorem
678 4369 737 4430 sive
751 4360 974 4449 lirasoihimm.
1015 4370 1044 4430 in
1067 4389 1125 4451 quo
1149 4369 1349 4431 nodutim
