2850 4775
517 368 852 440 ANNOTATIONES.
1156 373 1233 446 867

221 531 276 592 ull
291 533 481 610 paurum
518 531 747 611 paludamento]
769 531 905 614 ἒφεστρὶς
916 535 959 596 1ιῐα
972 536 1093 614 ponitur,
1114 541 1232 615 quodet

129 636 221 697 snpra
232 635 285 694 pro
296 617 422 694 stragula
434 624 523 693 reste,
536 637 592 696 qua
604 637 692 694 equus
703 619 883 696 integuntur,
901 621 1019 698 positum
1033 621 1149 682 ridetur.
1175 642 1231 700 ego

129 721 192 762 non
217 700 329 760 msdtam
349 701 543 781 proprietatem
565 703 677 762 istarum
703 721 800 764 vocum
823 703 899 784 apud
916 703 989 764 huuc
1004 707 1163 785 scriptorem
1180 708 1231 768 de·

128 785 286 866 prehendi,
305 787 401 863 itaque
415 787 484 847 uerti
500 785 703 847 liberiustaiia.
745 805 829 865 porro
846 788 948 850 mcum
965 787 1032 848 buec
1048 789 1109 850 ioca
1124 791 1231 869 aliquo-

129 873 189 928 ties
203 888 255 947 per
268 870 445 942 Occidente·
459 870 553 949 Cpoiis
569 879 601 930 et
612 889 683 946 quae
698 871 725 931 ei
739 871 768 929 in
781 869 894 950 Europa
906 873 997 932 adhuc
1009 873 1158 948 suberunt,
1179 893 1231 955 per

129 954 279 1013 Orientem
301 953 419 1014 Asionoe
437 954 594 1036 provinciae
614 962 680 1015 sunt
700 953 912 1032 intelligendae,
939 975 976 1016 ne
998 957 1059 1033 quis
1083 959 1229 1036 imperitus

132 1038 241 1098 italiam
255 1037 298 1098 bic
310 1041 433 1098 somniet
463 1040 540 1116 quod
551 1045 644 1099 autem
658 1037 810 1100 Tbeodora
822 1039 959 1100 zimiscae
971 1059 1049 1113 uxor,
1070 1043 1229 1102 uCedreuo

129 1122 191 1180 fllia
212 1123 385 1182 Constantini
405 1121 510 1182 Leonis
530 1121 576 1180 iiiii
595 1129 624 1183 et
640 1141 719 1182 soror
733 1124 851 1183 Romani
869 1125 944 1184 tertii
963 1143 980 1182 u
1000 1130 1097 1184 nostro
1119 1125 1228 1202 dicitur,

129 1207 210 1267 idem
225 1212 269 1267 est
284 1207 342 1266 iere
357 1207 437 1284 apud
451 1205 602 1271 Zonnrunr.
641 1205 789 1268 Panvinius
812 1209 880 1269 ulios
901 1208 1013 1288 (puto)
1035 1215 1160 1269 unctores
1181 1230 1228 1270 se·

129 1296 229 1364 cutus,
260 1289 341 1349 filiam
361 1290 481 1351 Romani
499 1295 519 1354 3
543 1311 577 1352 es
601 1287 811 1369 Theophunons
833 1291 981 1354 Anastasia
1002 1294 1084 1369 iacit,
1105 1313 1228 1355 sororem

129 1371 237 1436 scilicet
249 1373 343 1434 Basilii
356 1382 385 1435 et
396 1375 570 1434 Constantini
586 1374 636 1436 10.
678 1376 749 1438 Xru.

217 1457 281 1518 cll
301 1479 330 1538 p.
349 1459 412 1524 395
434 1478 460 1518 r.
481 1458 535 1521 23.
576 1460 730 1537 dbsipatis
772 1461 806 1518 ui
824 1457 884 1539 idi]
906 1457 1034 1520 librarius
1056 1460 1085 1519 iu
1105 1463 1229 1538 margine

127 1543 202 1604 lues
219 1543 380 1622 adscripsit:
400 1536 546 1622 θαυμάζω
569 1542 651 1623 εἴπερ
672 1535 729 1606 osis
747 1481 789 1624 riv
808 1539 875 1608 τότε
893 1551 957 1618 τοῖς
971 1538 1136 1626 βαρβάροις
1150 1538 1227 1626 δόρυ

128 1621 292 1708 στιβαρόν,
310 1621 354 1690 δι’
367 1618 405 1690 oi
418 1624 469 1690 τὸν
481 1631 619 1689 τοιοῦτον
633 1624 673 1689 ἂν
686 1621 841 1691 ἐκόλασαν
854 1633 909 1709 τῆς
923 1622 1109 1707 ἀναβάσεως.
1150 1632 1228 1707 qrrod

126 1714 241 1772 videtur
253 1732 288 1773 eo
301 1713 457 1790 pertinere,
478 1714 544 1789 quia
557 1732 624 1772 sune
636 1713 741 1773 dilutae
755 1722 819 1773 sunt
831 1714 882 1774 bae
895 1715 1080 1787 narrationem
1104 1719 1132 1772 et
1147 1719 1226 1773 tanta

125 1797 253 1856 facinora
270 1798 427 1873 diligentius
443 1816 494 1877 per
511 1797 726 1857 circumstantias
743 1798 920 1858 describendo
938 1805 1015 1872 suut,
1039 1815 1076 1856 nc
1093 1797 1228 1873 figmenta

125 1881 225 1962 potius
242 1881 387 1940 videantur
408 1887 439 1940 et
458 1882 590 1957 ineptiae.
630 1897 694 1938 nam
714 1881 779 1956 quin
799 1899 883 1958 saepe
906 1881 984 1937 unius
1002 1880 1118 1938 hominis
1138 1882 1225 1939 virtus

126 1971 228 2025 contm
248 1963 348 2024 multos
369 1965 462 2022 hostes
485 1963 615 2022 subsistat
636 1981 670 2021 ee
691 1963 801 2032 vincat,
822 1970 940 2022 nonest
960 1963 1072 2023 dubium
1095 1963 1225 2026 historica

126 2049 196 2108 tide.
236 2049 289 2108 sed
309 2065 392 2105 onom
412 2048 533 2123 aliquem
553 2065 587 2105 eo
607 2047 691 2105 modo
709 2064 767 2123 quo
785 2045 829 2114 bic
848 2048 974 2106 scribitur
988 2048 1016 2104 in
1033 2067 1137 2106 murum
1155 2066 1224 2106 eva-

126 2134 215 2205 dere‚
234 2132 326 2191 multis
341 2131 467 2210 desuper
487 2131 599 2190 muratis
617 2129 930 2210 bostibus'videutibus,
950 2130 1059 2188 uidetur
1075 2133 1137 2191 cciv
1151 2124 1223 2192 sidu·

126 2209 239 2278 αᾶτων.
280 2213 426 2275 verisimile
442 2221 485 2275 ost
500 2216 576 2291 quod
589 2212 728 2272 Zonaram
741 2213 854 2273 innuere
867 2221 999 2292 apparot,
1023 2234 1085 2274 eum
1099 2213 1159 2275 loco
1173 2215 1223 2274 ali·
1336 2238 1337 2242 ¹

127 2319 187 2380 quo
205 2299 394 2360 defensoribus
413 2317 498 2358 rucno
515 2317 621 2357 murum
637 2297 774 2375 tenuisse,
795 2299 917 2375 itemque
929 2296 1011 2371 alios3
1032 2298 1098 2358 inde
1113 2299 1140 2356 in
1156 2319 1221 2377 pro-

127 2391 299 2465 pugnatores
318 2383 391 2445 iaeto
411 2384 532 2463 impetu,
552 2383 585 2443 iis
605 2383 776 2462 profligatis,
800 2381 912 2459 reliquis
930 2382 1117 2444 adsceudcudi
1137 2383 1222 2443 sacul-

126 2476 215 2530 tntem
236 2487 359 2548 parasse.
398 2488 456 2529 uon
473 2467 558 2528 msdto
573 2467 745 2527 artificiosior
759 2472 803 2528 est
818 2466 890 2526 iusra
908 2468 936 2524 in
955 2466 1056 2526 basilio
1073 2466 1110 2527 dc
1128 2466 1223 2526 {batza

127 2559 274 2614 uenenato
295 2554 433 2627 uenatio,
452 2553 500 2613 ubi
520 2553 591 2612 tanti
610 2552 739 2611 facinoris
759 2555 854 2611 auctor
868 2550 954 2611 bostis
968 2549 1221 2630 potuitmuititudi-

126 2655 190 2697 nem
207 2634 333 2697 hostilem
350 2644 483 2697 armnmm
501 2640 530 2697 et
549 2638 710 2697 dueentem
728 2652 826 2695 manus
846 2641 921 2693 motu
937 2636 1037 2694 sedare
1051 2641 1081 2696 et
1095 2637 1221 2695 oratioue

126 2721 305 2799 demitigare,
324 2738 397 2799 quae
417 2739 454 2781 ne
474 2720 665 2798 magistratum
679 2719 793 2799 quidem
807 2719 893 2780 semei
908 2718 1046 2779 concitatu
1060 2718 1157 2779 uudbc
1172 2736 1221 2779 so-

123 2804 174 2867 lec
215 2804 288 2869 Xru.
819 2833 821 2837 ⁷
1005 2856 1008 2867 .
1225 2840 1229 2843 -

211 2889 273 2951 cll
291 2908 321 2968 p.
332 2889 394 2954 897
410 2906 436 2951 v.
448 2878 501 2949 16.
537 2888 598 2967 τῆς
612 2882 698 2967 tipice
712 2877 918 2961 ἅνασσᾶσεας]
941 2902 1083 2962 quaeror
1099 2904 1156 2945 nou
1175 2886 1219 2946 in·

125 2979 207 3051 tegra
227 2978 270 3031 est
290 2975 415 3051 scripta‚.
426 2978 497 3031 nota
509 2976 602 3031 tamen
616 2971 638 3028 S
652 2970 775 3030 ostendit
789 2988 845 3029 non
860 2963 1055 3045 ἇναστασὶας,
1076 2988 1133 3029 non
1148 2963 1221 3033 α’να·

126 3054 266 3132 σεασίαα,
287 3056 338 3115 sed
357 3048 547 3125 α’νασεαὶσεας
563 3054 619 3129 legi
640 3055 754 3115 debere.
795 3054 888 3129 inque
909 3054 1002 3129 accepi
1025 3056 1062 3112 de
1081 3054 1184 3113 Christi
1201 3073 1220 3113 a

124 3141 241 3204 mortuis
259 3138 476 3210 resurrectione,
495 3156 530 3196 eo
548 3132 651 3196 facibus
669 3136 746 3214 quod
761 3136 844 3213 paulo
859 3139 924 3214 post
938 3136 1023 3193 festus
1039 3134 1076 3194 1).
1091 3136 1219 3212 Georgio

126 3227 194 3287 dics·
205 3229 447 3295 commemoratur,
467 3220 515 3299 qui
535 3221 594 3280 sere
614 3238 670 3279 nou
691 3218 805 3291 multum
825 3218 924 3279 abesse
938 3225 1005 3297 post
1019 3218 1123 3325 pasche
1137 3222 1219 3283 solet.

126 3312 164 3372 de
182 3308 311 3371 Anastasi
330 3314 360 3367 et
378 3305 523 3367 Anastasia
541 3311 639 3364 noster
654 3321 739 3383 supra
757 3300 864 3367 alicubi.
895 3301 968 3364 xa.
1027 3304 1218 3379 Λνασαασίας

123 3393 258 3475 templum
279 3384 469 3464 ἀναστάσεως
487 3408 598 3468 quoque
617 3387 747 3448 miraculo
770 3389 870 3449 famam
891 3388 1010 3466 accepit:
1031 3386 1095 3448 hinc
1111 3390 1217 3468 promi-

126 3498 192 3539 scua
210 3478 284 3537 vocis
303 3477 447 3553 utriusque
462 3471 619 3553 usurpatio:
637 3472 682 3532 hic
697 3490 750 3551 pro
763 3471 865 3530 Christi
877 3471 1077 3533 resurrectione
1091 3474 1216 3538 sumitur.

125 3564 188 3625 uide
201 3570 340 3626 auctorem
352 3562 381 3619 in
394 3560 584 3619 Valentiniano
597 3558 702 3617 iuniore
715 3576 744 3635 p.
759 3552 831 3619 ³16.
873 3554 968 3613 (ἔσσα,

207 3646 268 3707 cll
287 3667 316 3726 p.
330 3644 394 3712 102
408 3664 435 3704 s.
448 3645 499 3707 22.
541 3636 706 3716 Μονόξνλα
720 3639 815 3699 lintres
830 3644 913 3713 suut,
933 3657 989 3699 uuo
1004 3640 1155 3720 pinguioris
1170 3658 1216 3703 ar·

125 3732 199 3793 boris
214 3738 312 3791 trusum
329 3729 466 3805 excavati,
485 3728 525 3796 ite
541 3728 617 3787 leves
632 3734 663 3785 ut
675 3726 758 3785 etiam
772 3723 891 3783 humeris
907 3725 1113 3786 trundersutur.
1145 3724 1216 3804 scopi

125 3819 187 3879 cuis·
199 3809 261 3879 dui
274 3818 329 3895 τῆς
343 3812 462 3885 'Punice
477 3810 644 3890 ἐρχομένων
656 3808 726 3882 ‘Pois
743 3802 815 3889 perci
829 3809 890 3870 uuio
903 3802 1079 3889 povofiriius
1092 3807 1127 3873 is
1141 3813 1213 3873 ΚΠ.

126 3902 323 3963 Constantinus
335 3900 372 3959 de
384 3898 465 3958 eam.
480 3894 548 3977 imp.
562 3916 588 3955 c.
602 3894 623 3956 9
639 3894 748 3955 diffuse
789 3890 888 3952 (iuss.

206 3985 268 4046 cll
286 4005 317 4065 p.
328 3982 391 4049 405
403 4001 430 4041 v.
442 3984 494 4046 22
535 3976 555 4044 ὅ
574 3982 636 4042 ταῖν
654 3978 774 4057 spurcis
794 3979 851 4039 sori
867 3972 1036 4059 βασιλείου]
1055 3981 1105 4036 nut
1121 3976 1215 4037 Busiiii

126 4086 278 4146 cognomen
298 4075 344 4130 cst
360 4067 504 4147 empus,
525 4069 555 4125 ec
570 4082 623 4125 vox
640 4056 746 4144 ἆμηρᾶ
760 4061 876 4165 omissa3
896 4065 945 4119 aut
967 4060 1118 4140 βασίλειος
1137 4079 1215 4143 ame·

126 4172 183 4214 rsm
202 4155 327 4218 denotat.
366 4154 444 4231 prius
460 4166 555 4210 verum
572 4154 654 4228 puto.
693 4152 723 4207 et
738 4151 837 4226 postea
852 4146 957 4225 αμηρᾶ
970 4146 1008 4205 de
1020 4144 1119 4206 eodem
1132 4146 1213 4214 addi·
1272 4170 1277 4178 ·

126 4244 184 4313 tur,
203 4238 314 4299 nomine
330 4238 440 4299 omisso.
459 4234 531 4297 er..
572 4232 680 4293 omissis
692 4228 826 4310 Xylarrdri
840 4228 999 4289 coniecturis
1015 4234 1045 4289 et
1060 4230 1215 4309 comptio-

127 4322 203 4385 nibus
224 4320 295 4385 baec
315 4322 402 4385 verbe
415 4321 455 4382 sic
467 4322 647 4399 interpretort
667 4313 751 4377 bairo
765 4334 833 4374 cum
847 4312 968 4376 vidisset
979 4312 1116 4375 Anonos
1127 4314 1214 4393 regia
