2850 4775
467 408 800 477 importuosus,
1103 409 1178 480 801

71 578 162 635 usius
181 574 281 657 Menas
293 576 492 655 praefecturam
505 594 590 653 agens
604 576 682 653 vagis
694 570 859 656 pauperibus
873 574 1039 655 ercip’oenilis
1051 577 1181 639 intende-

70 662 147 719 baa
191 662 292 719 Gouc

176 742 219 800 ib.
242 763 269 803 ν.
289 747 321 807 9.
365 736 456 821 ζήσας
475 734 580 822 χρὸνον
601 740 671 819 ἕνα]
692 742 765 803 bunc
776 743 935 803 Silvestrum
947 743 1007 815 slii,
1028 745 1076 821 qui
1088 746 1182 823 ponti·

77 827 159 888 tices
175 827 317 887 llomnuos
333 828 547 905 descripserunt,
563 827 708 887 Silrerium
722 828 881 899 nominaut3
902 827 950 904 qui
962 848 1025 888 cum
1036 830 1182 887 successis-

80 918 136 969 set
151 910 297 990 Agspcto,
323 912 360 971 sb
378 912 515 970 Antonius
527 910 651 970 Belissrii
666 930 751 971 uxore
764 913 838 970 iossu
853 911 1019 972 'lbeodomc
1029 913 1182 988 Augustae,

82 1013 169 1075 quac
189 1016 253 1055 cum
270 996 307 1055 ob
320 993 476 1055 Anthimnm
490 994 718 1073 'l'beopascliitmn
732 994 768 1053 sb
781 994 910 1073 Agupeto
922 997 1058 1055 deiectum
1075 999 1185 1067 oderat,

82 1079 166 1137 l'also
178 1080 291 1140 crimine
303 1079 410 1138 Rornae
422 1080 581 1157 prodendae
594 1080 805 1151 circumventus,
833 1079 996 1157 pontificatu
1007 1079 1139 1157 spoliatus
1153 1089 1186 1140 ct

85 1163 123 1221 im
136 1164 265 1221 Pontium
278 1163 416 1241 relegatos
428 1169 480 1235 est,
501 1180 562 1221 cum
573 1181 646 1241 papo
660 1182 735 1221 auno
749 1162 831 1241 paulo
845 1163 960 1240 amplios
973 1165 1078 1223 suisset.
1108 1162 1185 1225 Pau·

86 1244 139 1305 lus
155 1246 296 1307 Diaconos
310 1246 328 1307 l.
346 1250 394 1316 16,
416 1246 556 1304 llarisnus
574 1249 691 1321 Scotus,
711 1247 848 1307 Martinus
864 1245 995 1309 Polonus.
1035 1248 1120 1307 miror
1132 1248 1185 1308 Ni·

89 1331 246 1409 ocpborum
260 1332 387 1411 Agupoto
400 1348 584 1389 successorem
601 1330 694 1391 lacere
710 1330 902 1405 agathonem
927 1350 1011 1406 quem
1024 1331 1084 1389 cios
1099 1332 1187 1391 intor-

89 1416 161 1493 pres
173 1415 344 1475 Bonitncium
357 1433 405 1471 cur
417 1420 511 1491 potet,
531 1432 588 1473 uon
599 1408 664 1473 sutis
678 1414 813 1491 intelligo.
854 1414 970 1473 silverio
987 1414 1117 1474 suffectus
1133 1417 1186 1475 soit

90 1498 231 1580 Vigilius3
250 1498 326 1577 quod
348 1498 438 1576 ipsum
452 1515 563 1573 quoque
581 1516 616 1555 ex
632 1496 768 1575 Procopio
781 1496 952 1575 Nioepborus
965 1500 1049 1557 refert
1072 1502 1111 1561 17
1135 1503 1186 1573 18,
1230 1562 1236 1579 ,

92 1589 126 1641 ct
139 1582 280 1659 agathoni
295 1582 455 1641 successisse
469 1580 615 1639 Silrerium
632 1581 727 1639 scribit
748 1585 787 1644 17
808 1584 859 1645 26.
900 1581 994 1639 scribit
1008 1589 1100 1641 autem
1112 1583 1186 1641 l'ro-

91 1666 195 1743 coptus
216 1664 235 1723 l.
257 1670 271 1727 1
296 1666 361 1724 belli
378 1664 518 1737 (lottbici,
551 1682 608 1723 non
622 1663 705 1740 louge
730 1682 749 1721 s
768 1663 841 1736 tine,
869 1666 1028 1740 silverium,
1054 1667 1129 1743 quod
1147 1670 1186 1725 ssl

94 1750 220 1816 Gottljuos
233 1750 389 1808 deiecturus
403 1755 488 1821 esset,
510 1748 673 1808 abelisnrio
686 1749 715 1807 in
732 1748 877 1809 Graeciam
889 1751 1087 1823 transmissum,
1105 1750 1189 1827 eique

93 1832 228 1911 Vigilium
240 1834 416 1893 substitutum
428 1832 522 1895 fuisse.
565 1832 630 1891 viclo
643 1839 673 1892 et
683 1830 791 1893 Novell.
805 1832 856 1898 42.
897 1834 968 1893 xo.

183 1932 225 1991 io.
248 1951 275 1995 v.
299 1936 349 1997 11.
384 1932 548 2012 possessio]
579 1952 642 1993 usus
664 1952 725 1992 sum
749 1934 815 1992 trito
833 1936 983 2009 vocabulo,
1008 1939 1188 2011 quonotutur

96 2024 211 2079 ostem
227 2036 322 2079 eorum
339 2021 385 2095 qui
400 2018 543 2098 piontiticcs
564 2019 592 2076 in
612 2016 786 2077 solemnitate
803 2024 852 2078 sut
865 2019 975 2098 publica
989 2019 1188 2097 supplicatione
1292 2021 1295 2025 ’

97 2104 312 2179 susbsequantur.
332 2098 398 2181 λιτή
410 2112 453 2162 est
466 2107 495 2162 in
508 2105 627 2161 Graeco.
645 2102 716 2160 llus.
737 2100 864 2181 ἐξῆλθεν
877 2100 942 2182 lessi
957 2095 1018 2163 α’ττδ
1031 2104 1086 2179 τῆς
1100 2099 1187 2178 ἁγίας

98 2179 302 2255 incuriosos.
343 2193 498 2263 postremos
515 2194 543 2244 et
555 2187 718 2262 praecipuos
730 2186 758 2243 in
771 2187 841 2244 aeds
851 2205 930 2245 sacra
943 2187 1098 2244 dedicamla
1110 2187 1188 2258 ritus,

98 2277 144 2329 ost
162 2286 301 2327 sacramur
320 2270 495 2344 reliquiarum
510 2269 539 2326 iu
551 2288 585 2327 ou
599 2270 745 2345 depositio.
787 2268 854 2341 bas,
873 2272 991 2346 praeviis
1006 2269 1188 2327 deilicationis

100 2349 281 2415 caeremoniis
292 2352 347 2412 ism
358 2352 499 2421 absolutis,
521 2371 554 2410 ox
566 2352 791 2425 cinnamonio,
805 2353 918 2412 solemni
931 2370 1075 2431 processus
1091 2354 1188 2412 ordino

99 2441 131 2498 in
146 2455 242 2498 roccus
260 2447 448 2498 consecratam
467 2437 587 2496 tuterunt
601 2435 710 2495 Graeci.
751 2438 780 2494 in
800 2439 955 2496 elcdicoodo
976 2439 1071 2512 itaque
1090 2437 1122 2494 S.
1134 2440 1189 2494 So-

99 2523 186 2604 phiae
199 2520 302 2597 templo
320 2522 379 2579 eS.
394 2519 572 2586 missine,
598 2519 634 2575 de
650 2538 706 2594 quo
719 2522 858 2597 superius,
884 2521 1067 2599 processionis
1086 2540 1190 2599 pompa

101 2625 165 2666 orm
177 2604 297 2681 reliquiis
309 2605 434 2684 protecta
449 2611 503 2663 cst.
544 2601 642 2660 Gom.
1093 2605 1095 2610 ·

190 2702 232 2762 io.
254 2723 282 2764 r.
304 2694 354 2771 14.
395 2706 425 2764 in
442 2724 556 2766 numero
569 2721 700 2764 auntuuro
713 2705 787 2765 torte
798 2723 859 2764 cum
875 2705 986 2764 Zonsrs
998 2703 1144 2782 kgcuslurn
1155 2699 1190 2786 ,ς’

104 2808 193 2872 ppro
206 2781 290 2874 5¹21,
311 2789 509 2868 quadrugints,
529 2807 585 2848 nou
602 2797 664 2848 octo
679 2792 744 2848 soni
761 2809 844 2869 supra
857 2793 949 2856 6000.
976 2790 1045 2848 llru.

190 2891 300 2970 1t·652
322 2910 350 2952 v.
372 2893 400 2956 6-
444 2885 644 2968 στρατηλάτην
658 2893 716 2953 τοῦ
726 2884 904 2973 Ἰλλυρικοῦ]
924 2910 982 2950 non
991 2889 1192 2970 proqfecmm,

105 2975 158 3036 secl
168 2975 346 3052 magistrum
363 2971 492 3030 militum
505 2975 534 3033 iu
546 2975 660 3051 lllyrico.
704 2975 805 3038 Gora.

190 3073 233 3132 ib.
255 3097 282 3139 v.
302 3077 351 3140 18.
393 3067 621 3156 Ετῗφρατησίαν]
644 3075 696 3133 hoc
717 3085 760 3136 cst
774 3076 997 3153 commagenem.
1038 3075 1194 3135 sicl‘roco·

106 3163 169 3240 pius
183 3161 235 3219 hoc
247 3161 308 3239 ipss
319 3163 346 3220 in
359 3159 478 3220 historio·
487 3160 505 3221 l.
519 3163 541 3222 2
558 3161 620 3218 belli
635 3159 740 3220 Persici
756 3157 928 3240 “postquam
946 3163 975 3219 in
990 3161 1194 3263 Commspono-

107 3263 169 3303 rum
183 3245 340 3320 regionem,
371 3262 453 3320 quam
468 3237 672 3320 Euphratesioin
685 3252 798 3314 cocunt,
828 3245 967 3300 Cisosrocs
978 3246 1104 3320 pervenit
1141 3252 1195 3304 etc.

108 3327 202 3408 quod,
222 3333 252 3386 et
264 3329 351 3405 ipsum
366 3345 474 3386 sensium
488 3333 606 3399 secutus,
625 3331 690 3384 nuto
702 3344 754 3404 pro
768 3319 918 3387 ἐλθόντων
931 3325 985 3403 legi
998 3321 1106 3388 ἐλθών.
1121 3325 1193 3385 er..

193 3450 224 3508 p.
244 3428 307 3494 656
327 3446 354 3490 v.
379 3429 427 3492 16.
448 3423 677 3503 Acumitarimc]
698 3426 906 3486 Auxumitarum
923 3425 1054 3486 ludorum
1067 3428 1197 3506 estspud

109 3511 295 3590 Nicephorum
314 3513 354 3574 17
375 3514 432 3582 32,
460 3519 490 3570 et
508 3511 632 3572 Domnus
656 3511 875 3583 llomoritarum,
910 3511 1037 3589 princeps
1058 3512 1200 3584 ludorum,

110 3618 162 3678 pro
178 3597 316 3656 barrisno
331 3614 398 3673 rego
412 3594 590 3657 Ebraeomm.
611 3601 679 3654 ch.
722 3595 911 3656 Antuoiteuscs
921 3603 1003 3654 vocat
1017 3595 1117 3654 Paulos
1130 3596 1198 3656 llis-

112 3701 198 3742 conus
210 3685 229 3742 l.
244 3683 293 3745 16.
335 3681 373 3740 sle
384 3679 442 3738 istis
452 3679 605 3748 Homeritis,
613 3679 763 3757 Procopius
777 3681 814 3737 sle
827 3677 899 3738 ballo
911 3678 988 3740 Pers.
1004 3682 1034 3741 1.
1054 3680 1156 3742 Gora.

197 3787 226 3845 p.
247 3765 310 3830 658
329 3782 355 3823 v.
375 3764 423 3828 16.
462 3763 638 3840 proscissus]
661 3765 744 3824 credo
765 3762 903 3840 poblicum
921 3763 1008 3823 tuisse
1027 3771 1200 3838 conventum,

113 3852 217 3930 quossi
232 3849 361 3929 populum
372 3851 495 3926 prodiret
510 3847 663 3928 imperator.
676 3849 729 3914 sic
742 3856 771 3906 ct
784 3847 855 3906 infru
868 3847 898 3906 in
913 3845 1019 3906 liuticio
1030 3848 1199 3926 curopalates.

113 3937 184 3995 Xsu.
225 3927 550 4015 upo'ssvoocprocossus
565 3933 780 4010 sivoproocssio
796 3939 849 4005 est,
868 3924 935 4010 λιτή
950 3933 1033 3991 etism
1048 3932 1131 3992 dicta.
1164 3934 1201 3993 de

114 4019 248 4079 vocabulo
261 4019 396 4078 Moursins
412 4019 529 4078 erudito.
573 4019 652 4080 aliern
671 4037 754 4096 porro
770 4016 972 4096 processionem
986 4013 1137 4075 huiusmodi
1154 4036 1203 4074 so-

115 4103 232 4164 lemnem
248 4105 287 4162 ud
299 4103 490 4176 Hebdomon,
518 4103 548 4162 id
571 4111 613 4163 est
633 4105 780 4180 septumum
803 4100 937 4179 lupide,
963 4099 1084 4161 habitum
1102 4099 1201 4160 lustiui

116 4188 358 4263 snuo9lcgimus.
398 4187 499 4246 Gora.

119 4292 229 4415 ...si
246 4267 1203 4438 tii.t.i⁸....¹.i.“'t⁰l.”.tttl.lliil.llffmlsttltlt

161 4445 257 4518 Gcorg.
281 4445 409 4504 cedrenus
428 4454 487 4502 ton.
512 4448 549 4505 11.
956 4439 996 4503 51
