2850 4775
342 421 642 491 fflsroulluunr
668 418 959 490 commolunt.
1132 418 1209 491 507

88 594 209 683 ἤνεγκε
225 588 333 683 πράως
350 592 407 678 τὴν
427 587 533 677 ἀκοήν,
559 590 702 657 ἀλλὰκαὶ
720 589 946 677 άπεδυσπίτησε
962 589 1040 679 πρδς
1053 589 1094 658 τιλ
1110 614 1209 679 φημι-

90 698 233 783 ζόμενα,
260 700 311 763 καί
326 698 379 763 διὰ
395 693 558 779 θαύματος
571 686 624 779 ἦγε
640 699 705 770 πῶς
719 696 866 761 πλείστων
881 695 1028 780 κάγαθῶν
1043 694 1138 761 ὄντων
1153 695 1209 761 ἄν·

91 805 189 890 δρῶν
205 802 239 879 l}
256 800 348 866 σίκων
363 805 513 887 λαμπρῶν
527 800 577 863 καί
594 792 743 880 ἐπισήμου
765 798 870 883 γε’νους
891 801 1020 881 χυδαῖος
1043 802 1094 864 καλ
1116 824 1209 885 τριω-

91 912 270 989 βολιμαῖος
290 902 456 990 ἅνθρωπος
476 910 537 967 τῶν
561 898 661 965 άλλων
682 903 881 985 προτετίμητο
897 900 1019 967 πάντων
1033 903 1082 965 καὶ
1100 898 1211 968 δεσπό-

66 1022 158 1093 serpe
182 1011 236 1071 καί
255 1001 609 1089 Ιβασιλεδςάνηγάρευτο.
658 1008 749 1067 τοῦτο
772 1005 806 1068 δι’
826 1001 1001 1087 πυθόμενος
1023 1000 1040 1068 ri
1062 1001 1249 1088 Ἰωάννηςυ

93 1106 249 1194 ἐπλήσθη
267 1109 334 1191 μίν,
364 1104 407 1185 ῶς
428 1105 523 1184 εἰκός,
548 1100 689 1193 θορόβου
707 1107 758 1169 καί
777 1113 932 1193 ταραχῆς,
958 1107 1082 1191 δμελίτα
1102 1107 1136 1171 δὲ
1159 1108 1212 1172 καλ

94 1212 266 1280 ἐσκέπτετο
281 1215 347 1289 πῶς
362 1207 400 1275 άν
415 1212 466 1274 καὶ
482 1206 569 1275 τόνδε
586 1206 638 1273 τόν
655 1206 754 1294 άτιδρα
769 1206 830 1275 ὑπὸ
846 1211 902 1293 τὴν
917 1208 1028 1275 ἑαυτοῦ
1044 1216 1132 1275 θεῖτο
1153 1234 1213 1275 σα-

94 1312 211 1401 γῆνην.
262 1314 314 1377 καί
333 1311 373 1396 δὴ
389 1311 543 1378 στίλλεται
558 1310 636 1397 πρός
649 1310 742 1377 αὐτόν
758 1309 801 1389 εἷς
815 1321 877 1378 τῶν
892 1310 1042 1395 εὐνούχων
1059 1308 1213 1396 ὁλεγόμε-

95 1412 361 1503 νοςἜργσδότης,
381 1412 547 1499 ἐπιτήδειος
558 1411 717 1501 ὑπηρετεῖν
731 1416 773 1491 είς
784 1413 824 1480 τά
838 1422 977 1494 τοιαῦτα,
994 1416 1048 1503 λη’
1064 1405 1091 1505 ᾧ
1104 1414 1214 1502 ὅρκους
1249 1409 1256 1455 -'

57 1530 91 1587 to
99 1522 219 1585 δοῦναί
235 1542 270 1585 τε
292 1521 344 1584 καί
367 1522 472 1600 λαβεῖν
491 1520 543 1583 καί
567 1516 690 1602 άγαγεῖν
704 1516 759 1607 τόν
779 1516 877 1605 ἄνδρα
890 1518 922 1595 ίς
935 1517 1075 1601 βασιλία.
1126 1514 1211 1583 καλό

96 1622 160 1707 μίν
172 1621 294 1688 ἄπεισιν
310 1621 342 1698 ἐς
354 1618 635 1704 τδνΔαλασσηνόν,
662 1616 841 1704 όἸωάννης
861 1622 896 1687 δὲ
915 1620 971 1706 τήν
992 1646 1023 1687 τε
1044 1618 1212 1706 σι’·γκλητον
1264 1695 1270 1706 .

97 1722 278 1792 ὑπεποιεῖτο
296 1725 349 1789 καλ
368 1721 403 1787 τδ
425 1719 534 1804 κοινόν,
560 1726 612 1788 καί
632 1722 687 1807 τὴν
707 1730 769 1789 τῶν
783 1730 904 1790 πολλῶν
917 1726 1066 1789 ἐπεσπᾶτο
1084 1722 1212 1802 εὔνοιαν,

98 1820 249 1911 βαθμοῖς
257 1826 314 1909 μίν
326 1816 367 1891 αδ
378 1825 451 1904 τοδς
464 1832 519 1909 τῆς
530 1824 701 1911 συγκλήτου
714 1824 904 1912 προῦχοντας
917 1822 1099 1908 ἀξιωμάτων
1111 1822 1213 1910 ὑψῶν,

101 1934 233 2019 δωρεῶν
254 1930 289 1995 δὲ
312 1930 473 2011 διανομαῖς
495 1930 547 1992 καί
571 1924 678 2013 χάρισι
705 1924 935 2010 μειλισσόμενος
956 1928 992 1993 τό
1014 1924 1131 2008 κσωόν,
1162 1930 1215 1992 καλ

61 2044 93 2099 15
102 2030 259 2111 καθάπαξ
272 2028 475 2113 οίκειοόμετος
488 2030 523 2095 τό
537 2025 682 2113 ὑπήκοον.
716 2027 763 2096 ότι
780 2032 814 2095 δὲ
828 2032 873 2115 μὴ
889 2030 1003 2117 άρεστά
1019 2031 1058 2097 τά
1071 2029 1216 2116 γεγονότα

101 2128 295 2226 ἧντρλθεῶ,
318 2134 475 2217 διεδείχθη
489 2138 608 2219 τρανῶς
624 2134 656 2197 ἔκ
669 2136 837 2220 προοιμίων
852 2135 967 2198 αὐτῶν·
994 2134 1073 2195 κατά
1085 2134 1145 2217 γάρ
1157 2132 1214 2214 τὴν
1229 2135 1253 2190 Ρ
1269 2130 1322 2190 735

103 2237 148 2304 ια’
163 2238 251 2325 ῶραυ
264 2243 321 2321 τῆς
337 2233 424 2321 άγίας
438 2238 489 2301 καί
502 2233 637 2319 μεγάλης
653 2242 800 2319 κυριακῆς
810 2232 933 2313 χάλαζα
947 2233 1119 2317 κοτηνίχθη
1136 2230 1218 2320 sipri-

104 2365 202 2428 ρητος
215 2341 265 2402 καὶ
283 2340 431 2423 ῥαγδαία,
457 2334 500 2411 ῶς
514 2336 709 2420 συντριβῆνίιλ
723 2332 768 2417 μὴ
784 2332 879 2415 μόνον
896 2334 935 2400 τά
950 2335 1062 2421 δίνδρα
1077 2332 1217 2422 κάρπιμά

104 2468 139 2508 τε
157 2443 210 2506 καί
227 2438 369 2524 άκαρπο,
396 2437 477 2501 ulto
500 2439 579 2519 δῆτα
598 2439 650 2500 καί
672 2437 770 2512 οἰκίας
789 2448 968 2505 καταπεσεῖν
983 2441 1033 2502 καί
1053 2439 1147 2517 νοοός
1165 2441 1219 2504 καλ
1240 2500 1242 2503 ,

65 2545 148 2610 Ξθτά
164 2541 237 2628 λήΐα
254 2543 305 2606 καὶ
324 2539 381 2616 τάς
395 2538 550 2622 άμπίλους
561 2539 668 2624 μίχρις
682 2537 818 2626 ίδάηιους
825 2589 835 2620 ,
862 2538 904 2618 ῶς
917 2543 1122 2627 ε’πισυμβῆναι
1137 2542 1218 2608 κατά

105 2654 219 2714 τοῦτον
234 2645 289 2709 τὸν
299 2641 413 2728 χρόνον
432 2643 583 2707 παντοίων
605 2647 732 2727 καρπῶν
754 2643 888 2729 άηορίαν
909 2645 1064 2730 γενίσθαι.
1115 2647 1219 2732 γίγονε

106 2751 143 2816 δὲ
161 2751 214 2815 καὶ
226 2743 318 2832 χόσις
336 2745 464 2830 άστίρος
477 2744 557 2810 κατά
573 2741 629 2826 τὴν
646 2744 794 2830 κυριακδμ
809 2747 864 2829 τὴν
875 2746 954 2829 μετὰ
969 2745 1004 2811 τδ
1020 2745 1135 2831 πάσχα,
1148 2751 1218 2836 περὶ

106 2852 196 2940 ιῧραν
212 2852 317 2938 τρίτην
339 2853 394 2932 τῆς
412 2843 536 2927 νυκτός,
567 2853 607 2934 τῇ
626 2855 815 2935 μαρμαρυγῇ
839 2855 894 2932 τῆς
912 2847 1127 2936 λαμπρότητος
1144 2851 1218 2926 τοὺς

107 2955 243 3040 άστίρας
256 2949 373 3027 πάντας
386 2947 599 3033 καλόψαντος,
626 2947 668 3026 ῶς
680 2952 731 3035 καί
744 2948 869 3034 δόκησιν
881 2960 1048 3039 παρασχεῖν
1063 2962 1129 3029 τοῖς
1139 2957 1217 3018 πολ-

68 3067 176 3134 marg
196 3054 284 3139 ἡλίου
307 3053 469 3137 ἀνατολῆς.
520 3048 645 3140 ἐλήφθη
669 3051 704 3118 δι’
726 3054 778 3119 καλ
801 3049 982 3138 δβασιλεδς
1004 3056 1170 3146 δαιμονίῳ·
1195 3054 1254 3121 llll

108 3271 179 3327 gens
196 3267 250 3306 non
269 3249 330 3306 tulit
353 3247 521 3304 mediocriter
542 3247 613 3302 huno
634 3248 770 3321 nuntium,
793 3252 841 3307 sed
866 3251 1032 3308 sbominetus
1053 3258 1110 3320 est,
1137 3255 1219 3322 elque

108 3328 179 3380 adeo
197 3321 307 3374 miratos
323 3336 379 3400 queL
392 3320 497 3373 tandem
514 3318 617 3372 ratione
632 3318 751 3388 plebeius
765 3321 819 3376 iste
831 3340 863 3376 so
876 3322 1028 3376 trioboleris
1041 3321 1118 3375 homo
1132 3323 1218 3374 omni-

108 3399 164 3450 bns
180 3391 240 3445 eliis
259 3399 330 3441 esset
345 3388 488 3472 praelatus,
506 3403 564 3440 oum
582 3389 837 3460 exstarentplurimi
855 3390 1074 3461 praestantissimi
1091 3409 1123 3445 oo
1140 3389 1219 3443 lemi-

108 3465 158 3518 liis
173 3458 280 3514 summis
297 3465 353 3510 πολι
370 3457 430 3524 viri,
449 3475 481 3511 ee
499 3456 618 3510 (lominus
636 3465 663 3510 et
682 3459 825 3527 imperator
840 3461 1003 3529 designatus.
1039 3460 1110 3528 quod
1128 3468 1158 3512 ut
1174 3475 1220 3510 re-

109 3531 340 3592 atriolorum,
358 3528 479 3594 temetsi,
498 3525 537 3578 uti
555 3543 604 3596 per
621 3535 692 3591 eret,
710 3528 881 3581 vehomenter
915 3530 1115 3596 erturlmbstur,
1133 3536 1223 3581 tenen

109 3600 244 3668 quomodo
269 3597 347 3650 istum
371 3594 399 3647 in
426 3612 497 3649 suem
522 3595 643 3648 alliceret
669 3613 771 3647 nassum
794 3597 931 3664 cogitavit.
974 3599 1087 3650 mittitur
1104 3614 1168 3664 ergo
1187 3596 1222 3650 ed

110 3669 287 3724 Dsleseenum
311 3663 461 3732 Ergodotes
485 3664 633 3730 eunuchus,
657 3665 691 3716 nd
710 3665 861 3726 ¹huiusmodi
887 3666 1034 3721 ministeris
1059 3665 1221 3733 aptissimus,

111 3739 161 3809 qui
186 3735 317 3808 praestito
339 3741 502 3801 acceptoque
525 3733 694 3786 iureiurando
722 3750 779 3785 eum
804 3735 838 3788 sd
861 3736 1042 3804 imperatorem
1069 3733 1223 3789 adduceret.

111 3810 217 3862 interea
237 3808 350 3860 loannes
370 3809 397 3855 et
413 3811 546 3870 senatum,
572 3801 713 3870 primarios
737 3819 826 3856 eornm
850 3805 884 3858 sd
901 3802 1064 3857 sublimiores
1085 3804 1222 3856 evehendo

111 3879 140 3932 δ’
162 3875 275 3944 uitales,
292 3887 367 3926 suum
385 3869 465 3937 lucit,
485 3880 514 3924 et
530 3870 681 3923 muneribus
699 3889 731 3925 so
747 3870 931 3939 largitionibus
950 3871 1122 3925 multitudinis
1139 3873 1221 3926 bene-

112 3964 149 3998 ro
160 3946 257 3998 entiam
274 3949 379 4012 captat,
403 3940 493 4007 itaque
510 3955 600 3992 omnes
616 3940 735 3994 subditos
753 3941 804 3995 sibi
823 3942 955 3995 conciliat.
990 3941 1157 4009 displicuisse
1173 3956 1223 3991 ou·

113 4023 166 4067 tem
184 4015 250 4067 llaec
266 4013 338 4066 tacta
356 4010 406 4063 deo
422 4007 488 4061 setis
501 4007 559 4076 ipss
571 4009 679 4062 exordio
691 4020 784 4080 aperte
801 4010 956 4065 docuerunt.
975 4011 1070 4063 etenim
1084 4009 1222 4061 undecima

114 4083 181 4136 hors
194 4091 306 4137 sanetae
325 4087 353 4132 et
370 4093 480 4144 magnes
493 4075 638 4130 dominicae
655 4081 755 4148 grando
772 4079 870 4150 impetu
886 4079 1047 4134 intolerabili
1063 4077 1152 4132 ‹lelntn
1170 4093 1222 4128 non

114 4152 258 4219 [rugilorss
276 4151 353 4204 modo
369 4147 527 4216 sterilesque
544 4147 652 4200 arbores
668 4149 816 4217 confregit,
842 4151 890 4204 sed
914 4149 993 4202 etium
1015 4149 1105 4201 domos
1124 4145 1222 4197 deiecit

116 4227 146 4272 et
163 4222 259 4289 templo
275 4237 308 4274 so
324 4224 429 4286 segetes
446 4215 569 4284 vitesque
585 4217 642 4270 solo
663 4217 752 4271 allisit.
788 4217 879 4289 inque
899 4237 931 4271 eo
956 4235 1025 4271 enno
1049 4231 1148 4270 summe
1170 4213 1222 4266 luit

115 4287 254 4342 sterilitas.
290 4287 368 4342 stelle
386 4287 463 4340 etism
481 4284 611 4339 dominico
631 4287 677 4354 qui
696 4285 794 4356 pssolrs
811 4289 960 4358 insequitur
976 4287 1034 4353 (lie,
1052 4286 1116 4337 nora
1136 4281 1221 4336 noctis

115 4357 210 4424 tertis,
238 4356 359 4425 traiecit,
385 4356 487 4426 fulgore
511 4371 558 4406 ruo
584 4353 724 4408 luminibus
750 4359 862 4411 omnium
886 4357 993 4410 eliorum
1010 4353 1140 4408 stellarum
1159 4353 1221 4404 olli-

114 4427 198 4499 ciens,
227 4423 266 4479 ito
282 4425 401 4481 etmulti
419 4426 591 4498 opinarentur
608 4425 689 4480 solem
706 4424 782 4482 oriri.
816 4426 898 4483 molus
914 4425 993 4480 αιίοιιι
1010 4423 1121 4478 moulon
1138 4421 1221 4494 impe·
