2850 4775
527 382 862 451 saltormoara
1170 384 1244 459 tlt

134 558 206 627 aul,
227 554 260 610 ui
271 548 357 609 visam
369 546 443 623 aliis,
463 548 535 611 779.
579 548 697 628 loquitar
711 554 803 611 aulam
819 548 893 609 baud
907 548 990 610 dubie
1003 549 1057 609 hae
1068 549 1106 610 de
1118 568 1151 612 re
1161 556 1195 609 et
1206 551 1242 611 de

133 636 223 697 ‘Ibis
235 636 298 695 ists.
326 634 421 711 itaque
434 632 584 693 videndum
600 640 644 695 est
665 653 702 695 aa
717 653 774 696 aaa
789 634 927 713 scripserit
940 632 1043 694 Plinius
1060 646 1133 713 pose
1147 655 1242 694 arroso·

141 721 229 797 150,
250 719 296 777 ubi
312 735 384 778 aaut
399 719 460 783 130
474 716 617 793 leguntur:
637 738 702 781 asur
714 720 768 779 hoe
780 721 892 797 quidam
907 738 1007 778 uorum
1023 738 1081 780 nou
1096 725 1159 795 est,
1182 722 1243 784 1⁵0

139 823 200 883 pro
223 805 285 868 158
306 802 389 881 poni,
422 819 478 859 noa
498 808 594 863 exacte
615 812 665 864 aut
686 805 810 883 praecise
832 804 950 864 uulneris
969 805 1117 867 annotatis.
1157 822 1245 883 porro

139 887 271 949 Theraur
283 895 314 947 et
327 885 489 946 Therasiam
509 888 620 964 (neque
635 888 679 947 hic
701 888 800 966 loquor
816 888 853 949 sle
870 908 904 949 ea
924 906 997 966 quse
1015 907 1071 947 una
1088 908 1124 949 er
1141 886 1244 951 Aeoliis

141 976 217 1046 suit,
237 972 344 1033 Plinius
357 972 378 1035 8
399 970 435 1045 9)
450 969 623 1031 insulanense
636 974 725 1046 duas,
745 991 804 1031 uorr
818 992 900 1034 uuam
916 991 951 1034 ax
964 971 1045 1032 Plinii
1062 972 1083 1038 l
1106 976 1147 1037 12
1162 973 1244 1033 facile

143 1058 301 1134 intelligam
333 1054 380 1115 ubi
403 1052 565 1115 Therasiam
587 1074 605 1113 a
622 1055 716 1115 Thera
739 1057 877 1130 svulnm,
907 1059 1037 1133 interque
1056 1074 1104 1116 eas
1122 1058 1165 1135 pri
1196 1077 1244 1117 ora

141 1142 324 1213 Automoles,
346 1144 442 1217 postes
454 1140 536 1197 etism
552 1136 654 1199 Thiara
666 1145 764 1200 enatae
776 1141 879 1200 scribit.
921 1140 1123 1218 Claudiopolim
1136 1077 1243 1218 pass

141 1244 172 1285 v.
188 1227 230 1290 10
248 1224 441 1304 Cappadociae
456 1223 530 1281 idem
550 1224 635 1283 refert
656 1223 676 1289 5
694 1222 745 1288 24.
788 1224 941 1303 Xiphiliaus
955 1243 990 1283 ex
1003 1225 1099 1283 liiouis
1114 1222 1239 1285 Adriano

144 1311 271 1370 nominat
285 1308 459 1383 birlrpudem
473 1306 621 1385 Bithyniae
635 1310 741 1383 urbem,
761 1328 833 1385 qnae
842 1309 910 1370 alius
922 1308 1111 1387 Claudiopolis
1121 1310 1238 1369 dicatur.

143 1400 173 1453 el
186 1396 224 1453 de
242 1392 357 1451 tumultu
374 1390 536 1451 ludaeorum
551 1393 603 1452 sub
614 1392 732 1452 Claudio
750 1396 815 1453 vide
827 1393 975 1471 losephum
993 1392 1127 1471 deliquit.
1145 1398 1188 1458 20
1206 1382 1240 1467 ’1,

144 1478 248 1537 Euscb.
266 1477 330 1536 hist.
347 1473 450 1535 Euclea.
467 1478 488 1536 2
509 1476 558 1541 19.
602 1478 678 1556 apud
693 1478 839 1558 losoplrurn
855 1480 966 1555 qrridesa
981 1484 1089 1537 tanturn
1106 1470 1164 1539 risio
1181 1501 1239 1555 pv-

144 1558 249 1639 ριάδες
271 1560 400 1640 leppurlur
417 1560 544 1639 periisse,
572 1563 615 1625 20
631 1562 714 1622 milia.
756 1564 807 1623 secl
828 1562 965 1623 Eusebius
980 1562 1067 1622 habet
1086 1569 1118 1621 ut
1136 1569 1239 1623 numer.

143 1648 222 1707 er..

229 1768 258 1827 p.
279 1746 342 1811 347
361 1762 388 1815 u.
412 1747 462 1807 16.
504 1755 617 1803 atroces
625 1767 684 1823 per
698 1745 815 1826 ordros]
846 1746 875 1807 in
890 1748 1015 1825 margine
1027 1742 1239 1829 ἀναλογίζομαι

141 1831 195 1896 aui
218 1825 311 1905 ariade
328 1826 387 1908 τήν
406 1824 473 1892 τότε
493 1828 671 1913 συμφοράν·
697 1828 789 1911 φύσει
807 1826 865 1915 peip
881 1829 991 1914 ἕχθρόν
1003 1829 1036 1897 ri
1051 1834 1162 1897 δοῦλον
1174 1837 1239 1906 τοῖς

142 1912 309 1989 δεσπόταις.
349 1914 637 1976 Nerrahoeedietum
651 1919 780 1978 abolevit.
823 1918 901 1980 llus.

227 2040 256 2097 p.
273 2014 335 2082 848
355 2034 383 2074 v.
405 2015 454 2077 15.
497 2035 518 2071 a
531 2014 701 2095 Ionrrdebo]
724 2018 897 2078 videlerem.
910 2016 962 2083 85.
1004 2016 1238 2095 tleEasaeislege

140 2100 291 2179 loscphuru
304 2100 437 2177 Auliquib
458 2101 495 2162 18
516 2102 553 2175 2,
584 2108 613 2159 et
629 2102 715 2159 multo
732 2104 812 2180 plura
831 2103 895 2162 belli
912 2102 1131 2172 ludulae-12,
1163 2102 1238 2163 unde

140 2192 239 2245 uasler
251 2185 392 2261 complura
403 2184 551 2243 transtulit·
590 2186 671 2243 Xan.

227 2305 258 2367 p,
278 2282 340 2348 356
359 2302 387 2341 v.
408 2282 437 2343 1.
478 2286 523 2339 orl
544 2287 664 2343 reprom
686 2284 918 2363 incontinentia]
950 2286 1025 2345 locus
1048 2290 1093 2345 est
1115 2284 1238 2360 mutilus,

143 2391 227 2452 quesn
247 2371 285 2431 ad
305 2367 416 2429 verbum
437 2370 574 2447 expressi:
616 2391 708 2447 usque
729 2372 802 2431 enim
822 2368 1091 2431 vocabatBasilium
1113 2368 1238 2430 evolvere

143 2459 224 2516 husius
239 2457 279 2516 rei
292 2471 392 2532 currsa;
418 2455 494 2530 quod
508 2453 590 2512 saciet
608 2455 657 2530 qui
676 2453 728 2512 hec
749 2457 935 2532 disputatione
947 2455 1098 2514 delectatur
1110 2463 1139 2515 ct
1151 2456 1238 2514 otiunr

142 2543 236 2600 habet.
279 2539 331 2598 sed
346 2544 375 2594 ct
388 2537 531 2596 Platonica
548 2537 735 2611 mutilarunt,
763 2546 851 2615 atquc
864 2539 937 2598 adeo
952 2541 980 2597 iu
993 2542 1117 2614 margine
1129 2539 1237 2598 adseri·

140 2632 223 2706 plura
238 2628 282 2683 est
305 2613 413 2696 α’σοφῆ
430 2624 524 2682 ταῦτα
544 2618 646 2683 πάντα
665 2617 768 2700 exsilia
782 2619 819 2685 roi
833 2628 888 2686 τοῦ
903 2618 1066 2696 Πλάτωνος
1079 2617 1130 2684 ded
1143 2617 1178 2684 ra*
1192 2617 1236 2702 μή

142 2707 257 2772 εἰδέναι
275 2703 357 2784 ἡμᾶς
376 2699 411 2764 τ·ο“
432 2697 528 2766 αὐτοῦ
540 2706 658 2784 βιβλίον
671 2705 704 2766 lv
720 2699 852 2790 piverim
865 2713 969 2770 κεῖται.
1010 2714 1075 2767 suut
1094 2713 1185 2766 erstem
1200 2725 1237 2766 cx

129 2779 266 2855 ‘aurudo
278 2791 349 2851 libro
364 2790 400 2849 (le
415 2790 568 2871 republica
580 2792 738 2869 desumpta,
762 2799 794 2851 st
803 2792 929 2868 Aeschyli
941 2812 1035 2852 versus
1046 2811 1080 2852 cr
1093 2790 1237 2852 Thebaica

141 2880 287 2938 obsidione
304 2879 402 2936 citatur
414 2875 469 2948 ibi3
497 2895 578 2953 quem
599 2874 688 2935 locum
707 2875 783 2954 apud
804 2874 980 2938 Phrlsrclruus
999 2877 1182 2936 convertimus
1205 2877 1236 2935 iu

140 2963 275 3024 Aristides
316 2979 371 3037 ege
381 2977 483 3037 operae
495 2962 612 3038 pretium
628 2979 684 3018 uon
697 2962 762 3019 dud
779 2961 822 3020 lsic
836 2983 880 3020 me
894 2963 1057 3037 corrigendo
1070 2961 1234 3036 defatigare,

140 3067 203 3107 carm
215 3048 252 3106 sii
264 3045 386 3105 Platonis
397 3043 466 3104 liber
477 3046 514 3104 ud
527 3063 635 3105 mauris.
655 3044 733 3105 XVI..
775 3047 841 3103 nihil
857 3047 901 3104 bie
913 3049 1036 3104 mutilum
1047 3049 1096 3104 arri
1108 3048 1232 3102 bunum

139 3131 223 3191 etium
235 3131 395 3204 Xylursdro,
421 3131 446 3187 si
465 3131 550 3189 medo
566 3129 648 3189 luder
666 3147 770 3206 aequus
781 3129 995 3189 auctorisrerbs
1006 3128 1125 3208 penitius
1141 3127 1232 3207 iaspi-

140 3215 205 3274 eise
232 3231 295 3271 eum
310 3211 383 3270 cuim
397 3211 434 3268 de
449 3214 570 3270 exhibito
583 3213 673 3272 verbis
688 3212 852 3289 evangelicis
866 3215 966 3292 quibus
983 3213 1096 3272 castitas
1108 3212 1232 3292 apprime

140 3297 269 3358 laudatur
281 3295 424 3372 obsequio,
445 3294 561 3354 dixisset
570 3297 673 3374 nuptiis
685 3298 801 3368 vinctos,
822 3317 911 3373 aeque
925 3317 958 3354 ac
971 3297 1127 3367 monachos,
1147 3314 1182 3354 ex
1196 3295 1230 3354 iis

142 3382 306 3443 sententiam
324 3379 353 3438 iu
367 3377 467 3437 iudicio
478 3377 598 3450 laturos,
624 3377 684 3437 illos
698 3377 792 3437 uiolati
811 3379 940 3439 dominici
953 3377 1056 3439 consilii
1069 3377 1172 3439 liberos
1184 3397 1231 3438 as·

141 3467 227 3528 seruit
238 3463 453 3536 reacuntisudos,
478 3464 639 3540 tertiamque
652 3468 857 3539 consecuturos,
884 3464 933 3541 qui
945 3463 1102 3543 proferrent
1116 3481 1152 3523 ex
1165 3481 1232 3524 ooa-

141 3551 271 3612 linrudae
285 3548 405 3605 lihidinis
416 3549 577 3626 impotentia
591 3547 633 3606 rel
645 3549 736 3607 aroris
752 3549 853 3606 allecto
866 3551 910 3606 vel
927 3549 985 3605 durs
997 3551 1123 3606 canaida
1133 3549 1231 3608 ductas

140 3637 178 3697 sd
192 3633 330 3711 hgitimas
346 3633 457 3708 nuptias
471 3629 638 3696 convolasse.
680 3631 732 3709 qui
745 3647 843 3690 searus
862 3636 894 3690 at
912 3629 1069 3707 athalicus
1089 3631 1171 3693 etiarn
1188 3633 1232 3693 iu-

140 3726 222 3798 tegcr
230 3715 471 3796 estctpersoctos.
493 3715 614 3775 ‘Gerra

225 3857 254 3916 p.
266 3835 329 3899 361
343 3853 372 3896 v.
384 3833 414 3895 7.
461 3830 584 3912 Ollius]
606 3835 682 3896 cuius
703 3834 814 3911 lingum
829 3835 883 3896 hoe
900 3835 1062 3897 vocabulum
1074 3834 1110 3895 sit
1122 3833 1231 3912 etquid

141 3921 292 3999 significet,
315 3938 372 3980 nau
388 3917 542 3996 intelligo·
565 3915 709 4000 arepsopsiv
731 3923 809 3982 leod
828 3911 868 3980 ari
890 3923 1007 3982 verbum
1026 3919 1136 3980 reddidi
1154 3938 1230 3979 corn-

139 4006 248 4086 plesum
262 4004 366 4087 populi
406 4004 591 4064 narrationem
605 4004 677 4064 hane
692 4011 789 4064 noster
802 4011 851 4066 sut
865 4023 900 4066 er
915 4004 1074 4086 Nicephoro
1086 4004 1230 4083 descripsit

140 4097 189 4150 aut
200 4109 235 4150 cx
245 4091 307 4170 ipso
318 4088 471 4168 Egesippo‚
487 4107 521 4147 er
532 4105 588 4165 quo
600 4107 661 4150 eam
674 4087 848 4170 Nicephorum
858 4091 945 4151 refert
955 4091 1020 4149 hist
1026 4087 1161 4150 Ecclesh
1176 4085 1231 4150 38.

141 4191 224 4252 quem
243 4177 268 4232 si
286 4176 424 4234 Graecum
438 4173 611 4248 habuissem,
633 4175 784 4254 potuissem
798 4174 922 4255 plurimis
936 4174 1004 4236 locis
1019 4176 1049 4234 ia
1065 4172 1229 4249 corrigendo

141 4259 273 4318 Cedreao
292 4257 433 4318 adhibere.
454 4257 533 4321 Xan.
576 4259 747 4340 Epiphanius
771 4256 889 4320 Haeresi
908 4260 951 4324 78
973 4278 1003 4320 u.
1023 4261 1060 4323 7:
1089 4254 1154 4335 iope
1172 4251 1230 4336 pia

141 4335 198 4405 orio
217 4339 237 4407 d
252 4336 363 4426 Ἰωσήφ
383 4339 571 4425 reperiretur
591 4339 642 4408 riv
655 4334 801 4426 Ἰάκωβον
814 4341 868 4409 τὸν
880 4341 1081 4424 hadaline
1098 4334 1229 4424 Ὀβλίαν,
