2850 4775
463 415 798 487 minorationis.
822 481 824 484 ,
1099 415 1172 489 750

212 584 1044 649 eoeneum-...qm

411 682 476 725 rouo
749 665 851 729 50000

252 753 1031 817 reram-*loom

422 850 469 891 rou
758 836 842 899 5000

289 924 644 975 urn------*

170 1546 259 1609 vno
276 1554 308 1610 ut
326 1549 444 1611 calculus
463 1552 494 1615 in
509 1552 583 1614 linea
599 1554 734 1634 superiori
749 1555 856 1633 positus
872 1555 902 1613 in
914 1552 1039 1631 proxime
1050 1552 1179 1613 inferiore

80 1631 222 1693 oullueati'
237 1635 273 1693 sit
291 1635 437 1714 demplus,
459 1643 489 1696 et
509 1638 603 1715 quiin
622 1639 714 1719 spatio
736 1656 786 1699 seu
804 1637 946 1699 intervallo
965 1638 1091 1717 punimur,
1114 1635 1178 1696 urm

81 1718 213 1797 proxime
231 1719 377 1798 superioris
394 1721 536 1781 dimidium
552 1721 642 1783 lineae
659 1724 835 1802 proximeque
848 1722 982 1781 inferioris
995 1720 1033 1779 ob
1044 1720 1075 1778 iul
1087 1721 1179 1798 ipsum

82 1800 181 1861 lineae
192 1802 367 1881 quincuplum
379 1824 473 1883 posse.
502 1806 705 1886 compositionis
719 1807 789 1866 ratio
802 1813 846 1866 est
856 1811 935 1878 uoto,
950 1812 980 1863 et
992 1820 1037 1861 ux
1050 1822 1114 1863 esse
1127 1808 1181 1879 60,

83 1892 117 1945 et
131 1903 180 1943 xa
195 1886 332 1961 esseio,
352 1889 585 1964 uxuelvmrs,
606 1890 822 1966 rorarunt,
842 1891 960 1961 1⁰90,
982 1904 1050 1946 xxa
1063 1890 1106 1953 80
1122 1894 1181 1947 eto.

84 1988 173 2031 nemu
191 1988 248 2029 uun
265 1971 350 2031 violet.
392 1972 444 2032 sed
463 1973 500 2033 de
516 1973 611 2033 menan
630 1980 758 2032 notarum
771 1974 881 2049 origine
895 1972 1021 2031 dirmsae
1033 1976 1099 2029 sunt
1112 1990 1182 2030 eon-

83 2054 223 2114 ieotume.
265 2054 332 2113 illud
344 2056 432 2133 primo
443 2056 563 2116 omnium
574 2057 671 2133 liquet,
692 2064 787 2117 rectae
798 2057 870 2115 intra
883 2056 1036 2133 quinarium
1048 2072 1081 2113 ue
1092 2055 1181 2114 ‹leua-

84 2138 161 2197 rium
184 2156 312 2197 numeros
332 2139 452 2216 reliquos
472 2146 604 2217 tanquam
626 2140 655 2199 ia
677 2141 833 2199 cardinibus
854 2141 974 2212 versari,
993 2157 1057 2197 eum
1081 2156 1178 2197 suanus

84 2227 208 2296 utruque
230 2221 334 2295 digitos
354 2222 456 2281 habat
477 2225 611 2301 quinque,
631 2225 680 2299 qui
702 2229 767 2281 suut
788 2223 884 2282 decem
901 2239 1010 2295 omnes,
1027 2223 1179 2297 quadem

86 2303 175 2363 etiam
194 2301 356 2370 Aristoteles,
378 2303 513 2365 Problum.
532 2312 599 2366 seut
619 2306 658 2369 16
680 2308 845 2365 mentionem
861 2306 944 2377 fauit,
963 2312 993 2364 et
1006 2306 1110 2380 digitos
1121 2305 1180 2383 pri-

87 2406 166 2448 num
178 2406 212 2448 aa
224 2386 447 2467 simplicissimum
458 2408 519 2450 asse
531 2390 694 2450 numerandi
703 2392 926 2463 instrumentum,
944 2408 1010 2448 usus
1020 2391 1094 2449 vitae
1105 2409 1180 2448 oom-

87 2472 182 2532 nis
202 2471 425 2534 demonstratae
444 2472 602 2552 simplicium
624 2475 861 2551 ratiocinationes,
878 2473 998 2550 indeque
1011 2473 1082 2546 adep
1095 2473 1181 2532 ducta

87 2556 247 2634 proverbia.
288 2557 344 2615 inm
363 2574 376 2614 1
395 2557 507 2616 unitatis
525 2565 592 2618 uota
610 2575 667 2616 nun
687 2565 749 2631 est,
770 2565 853 2634 puto,
873 2557 968 2629 itere,
988 2557 1040 2615 sed
1062 2555 1180 2628 lineola;

88 2640 224 2714 idemque
236 2639 273 2698 da
286 2657 322 2712 11,
336 2657 382 2710 ιιι,
396 2658 445 2696 ιιιι
459 2642 562 2700 indico:
583 2640 704 2716 singulas
718 2643 834 2699 ommam
846 2639 960 2714 siugulis
975 2637 1081 2699 lincolie
1095 2641 1180 2698 etiam

88 2722 127 2783 ab
145 2723 282 2782 illiteratis
300 2729 330 2783 et
347 2723 456 2797 idiotis,
475 2729 508 2782 ut
527 2730 643 2796 vocant,
663 2723 754 2781 notari
776 2723 947 2781 notissimum
968 2728 1021 2782 est.
1061 2723 1180 2802 proinde

90 2808 220 2886 quintio
241 2805 324 2866 veluti
344 2807 449 2866 carolini
469 2807 557 2885 primo
581 2808 755 2884 quaerundo·
776 2808 828 2865 tuit
850 2824 916 2865 snus
936 2805 1091 2880 marsum,
1121 2825 1180 2885 qno

92 2911 157 2952 enm
177 2891 292 2968 reliquis
313 2889 457 2950 euniuueto
476 2909 564 2969 usque
582 2891 620 2948 ad
638 2890 779 2949 dmarium
796 2893 877 2968 pergi
892 2895 997 2970 posset.
1038 2891 1063 2950 is
1083 2896 1128 2950 est
1147 2906 1181 2968 v,

92 2995 150 3037 nun
164 2995 233 3036 saue
246 2974 338 3034 literar
359 2993 408 3033 cnr
422 2973 495 3034 euim
508 2992 565 3034 non
579 2977 704 3054 opelius
717 2972 812 3033 eneti
830 2975 880 3034 sed
893 2977 965 3036 dnae
976 2974 1066 3036 lineae
1078 2975 1116 3033 ad
1129 2993 1182 3034 nn·

92 3061 189 3138 quium
209 3064 320 3118 neutum
338 3059 530 3133 concidentem
551 3076 606 3138 qna
627 3063 694 3118 nuta
713 3062 826 3119 utuntur
841 3059 936 3118 itidem
955 3061 1076 3118 omniurn
1092 3060 1182 3136 ignari

91 3145 234 3206 literarum
240 3184 251 3220 ,
269 3141 353 3220 aliqui
373 3143 483 3204 inversu
501 3144 541 3204 sie
559 3158 592 3203 ι.
633 3160 669 3204 ex
688 3143 741 3202 hae
758 3144 914 3221 geminata,
931 3143 1079 3204 autaltem
1090 3145 1182 3223 potins

94 3245 207 3307 alterius
228 3241 371 3304 uerticibus
391 3243 489 3304 innotis
508 3243 618 3319 additu,
637 3244 670 3303 fit
691 3259 732 3320 x,
753 3238 891 3322 quusi1=
919 3243 967 3322 qui
986 3241 1059 3302 euim
1082 3242 1130 3301 fiat
1151 3247 1184 3301 nt

93 3347 176 3407 litera
188 3344 205 3418 ξ
219 3346 313 3404 deoenr
327 3343 475 3421 significet,
495 3346 566 3404 ratio
577 3363 640 3405 esse
651 3343 725 3404 nulla
735 3346 852 3405 videtur.
893 3345 966 3402 unde
977 3350 1071 3402 autem
1084 3359 1103 3397 ι
1116 3346 1185 3400 nota
1204 3343 1218 3354 ”

95 3433 133 3490 sit
150 3427 394 3508 quinquagenarii,
413 3427 539 3490 subtilem
560 3428 643 3488 affert
660 3427 816 3488 Priscianus
834 3445 960 3503 oaumm,
981 3432 1010 3485 et
1028 3443 1102 3502 quae
1120 3443 1184 3485 meo

95 3513 200 3574 iudicio
218 3511 303 3572 multu
319 3519 365 3571 est
386 3512 510 3572 subtilior
524 3531 605 3591 qnam
618 3519 652 3572 ut
662 3514 691 3572 iu
704 3532 736 3573 re
749 3511 853 3588 uulgari
865 3511 956 3570 lomim
969 3510 1072 3569 habere
1087 3509 1186 3590 possit.

97 3617 152 3676 ego
173 3598 245 3656 dnos
267 3593 380 3656 lineolae
402 3604 472 3674 puto
495 3615 556 3657 esse
578 3598 615 3658 ad
636 3603 741 3657 reetrnn
760 3597 889 3672 angulum
909 3595 1084 3667 commissas,
1111 3610 1186 3671 qnae

98 3675 174 3745 suri
187 3675 363 3760 συνθήκην,
382 3685 414 3736 ot
425 3677 544 3757 loquitur
556 3682 593 3740 de
603 3699 693 3742 rernm
706 3679 844 3740 umbralis
856 3678 1030 3752 Aristoteles,
1051 3683 1185 3755 usurpata

98 3772 130 3828 et
148 3771 262 3844 recepta
280 3765 323 3828 60
339 3763 499 3837 denotaret,
524 3771 557 3824 ut
570 3781 594 3825 v
605 3763 636 3827 0.
678 3765 716 3826 ab
729 3765 783 3824 troc
796 3781 885 3840 nsque
896 3764 934 3822 ad
945 3769 1053 3820 centum
1065 3758 1186 3818 nonfuit

98 3868 173 3910 uuus
191 3867 262 3928 opus
281 3853 362 3920 uota,
381 3867 441 3908 eum
459 3847 595 3927 prioribus
612 3867 673 3909 eum
686 3847 739 3909 lrac
750 3847 908 3924 cumpositis
921 3846 1013 3903 omnia
1024 3845 1105 3902 scribi
1119 3861 1186 3922 pos-

99 3935 171 3994 sint:
194 3931 297 4013 placuit
312 3937 405 3991 tumen
422 3933 464 3999 00
483 3949 541 3991 uon
559 3949 692 4009 axxxx,
712 3931 762 3990 sed
775 3929 930 4010 oompendii
942 3946 1026 3987 musa
1039 3928 1185 3988 denariae

101 4016 259 4077 oentenario
280 4015 420 4075 snbtmetu
442 4016 571 4095 exprimi,
591 4021 622 4076 nt
643 4019 664 4081 9
684 4032 742 4075 uun
760 4029 851 4088 vura,
872 4013 923 4072 sed
937 4031 951 4069 1
967 4031 986 4072 a
1002 4029 1027 4070 x
1045 4012 1182 4082 detractu3

100 4101 178 4179 qnod
193 4102 240 4175 fit,
259 4117 320 4160 eum
334 4100 424 4159 minor
438 4100 578 4160 character
589 4100 683 4160 maiori
698 4096 891 4179 praeponitur,
910 4102 943 4156 ut
961 4113 999 4164 ax
1016 4099 1054 4170 9,
1073 4111 1115 4152 xo
1132 4096 1184 4160 90.

100 4191 186 4262 atque
206 4185 291 4245 etiam
309 4199 353 4242 ιι
370 4183 498 4244 usitatius
513 4201 594 4262 qnam
610 4201 722 4259 xxxx,
744 4183 782 4241 ob
797 4181 1005 4260 compendium,
1026 4180 1068 4246 40
1082 4179 1187 4256 signat.
1230 4216 1233 4223 ·

102 4267 165 4327 hine
182 4268 266 4329 etium
282 4266 331 4328 ills
344 4285 411 4327 xxo
425 4285 476 4347 pro
490 4286 598 4344 ιω,
620 4285 655 4330 aa
668 4287 720 4351 pru
733 4285 797 4342 mr,
817 4271 848 4328 e't
858 4276 888 4325 ro
899 4283 951 4346 pro
962 4235 1187 4341 maffeioque

103 4353 134 4414 iul
150 4369 248 4430 penus.
290 4362 358 4416 nota
375 4353 624 4429 oentenariiestc,
644 4347 1186 4435 quudreeeptunestputeriliterumu
