2850 4775
199 377 274 454 824
517 377 742 448 xrtsnom
766 377 823 448 ET
844 375 979 449 eoum

198 545 255 610 s'osi
267 535 388 622 θρόνου
401 541 505 622 enixos
518 540 570 606 ssi
584 536 726 623 διάδοχον
738 537 890 624 γενέσθαι.
933 543 1008 604 unde
1023 547 1053 603 et
1068 541 1242 624 Stepirsm
1256 542 1328 604 Be·

199 631 252 690 silii
270 630 342 689 iiiios
358 647 418 688 eum
434 628 536 687 Photio
549 629 700 706 edueetus,
719 635 752 688 et
767 627 879 707 syncelli
895 627 1030 705 dignitste
1041 637 1209 708 promotus,
1234 625 1329 688 nib

199 715 358 775 discrimine
372 713 400 772 in
414 714 471 788 eius
485 714 575 772 toenm
588 720 631 771 est
644 715 825 790 subrogatus.
867 721 962 774 auctor
974 715 1044 772 intre
1058 715 1087 772 in
1099 712 1198 774 [aeone
1210 715 1329 772 statis·

201 800 252 859 sub
266 799 361 869 initio;
382 817 434 857 nee
444 817 507 868 nonv
515 799 638 870 inferius,
658 799 706 856 ubi
718 797 897 877 Euthymium
910 796 1018 858 Nioolui
1031 815 1142 876 quoqne
1152 797 1329 878 synedim

199 885 229 944 iu
242 881 423 962 patriarcham
436 883 611 962 postmodum
624 890 783 960 provectum
796 889 897 942 narret.
925 900 959 941 rso
972 883 1093 960 denique
1105 884 1220 944 disertis
1234 883 1331 943 irin

199 970 291 1030 subis
311 967 364 1026 hoe
381 967 531 1044 aliquando
549 967 669 1046 positum
689 968 718 1024 in
740 987 831 1045 ruore,
853 975 884 1026 ut
900 967 1034 1045 syncetius
1046 973 1122 1027 eser
1135 969 1184 1044 qni
1201 969 1330 1029 deinde
1350 985 1352 990 '

200 1051 373 1134 pertimetis,
394 1051 513 1131 esytiost
525 1053 553 1110 in
569 1052 755 1110 Constantino
770 1053 954 1113 Monomscho
968 1072 996 1131 p·
1010 1051 1082 1116 776.
1124 1051 1236 1116 coss.

286 1137 390 1215 1¹·798
403 1156 429 1194 r.
445 1141 492 1201 16.
534 1135 669 1213 Diippus
681 1137 791 1198 ridetur
802 1137 886 1197 tuisse
898 1137 1039 1216 appendix
1051 1135 1137 1196 Circi.
1178 1137 1328 1198 Zonaras

202 1221 288 1282 hebet
307 1221 454 1282 dsinrssov.
495 1229 612 1300 spperet
631 1221 720 1279 iocum
738 1221 885 1298 significari
906 1221 1081 1298 equestribus
1097 1221 1327 1282 deusdonam

203 1307 380 1366 destinatum.
403 1306 481 1364 Xs‘n.
524 1307 597 1365 Circi
619 1305 756 1382 stadium,
777 1324 833 1384 qno
849 1307 931 1382 trigae
945 1305 1131 1383 qusdrigsore
1145 1315 1325 1366 ueniunt.

204 1389 331 1468 ‹luppim
345 1390 469 1449 reddidit
480 1389 582 1451 Paulus
595 1388 750 1449 Diaconus:
771 1392 821 1450 sed
834 1393 975 1450 mendose.
1017 1389 1123 1450 Gotn.

287 1493 316 1552 p.
332 1477 395 1540 799
417 1495 443 1535 s.
461 1479 490 1538 1.
531 1469 747 1554 θηριομαχοόν]
769 1473 867 1534 rettudit
886 1475 923 1534 ed
945 1474 972 1532 id
992 1474 1070 1551 qnod
1092 1471 1197 1533 Penius
1218 1475 1258 1535 de
1281 1491 1325 1536 ne

203 1567 414 1633 oomrnemorst,
435 1557 600 1622 scotinus
620 1560 669 1620 11.
697 1559 777 1618 XYu.
835 1559 874 1618 sd
889 1557 993 1619 Leonis
1012 1557 1111 1618 ieroeis
1129 1560 1323 1638 imperatorin

203 1661 323 1718 nornen,
344 1663 402 1703 uon
420 1644 457 1702 sd
476 1643 557 1704 Penii
577 1643 680 1716 verbs,
701 1651 733 1701 ut
749 1644 889 1724 seripturit
903 1643 1059 1721 Xyisnder,
1078 1649 1174 1704 suetos
1198 1645 1321 1706 alludit.

204 1728 307 1787 Gosn.

291 1809 333 1869 ib.
355 1831 382 1871 r.
400 1810 430 1877 4.
473 1804 622 1893 Διάλογος
646 1802 782 1890 ἐκλήθη]
812 1810 849 1869 ub
871 1813 991 1870 auctoris
1013 1813 1153 1871 sententie
1173 1813 1321 1872 recedunt

205 1898 346 1968 nonnulii,
366 1900 414 1974 qui
431 1896 597 1972 Gregorium
611 1917 757 1972 magnum,
778 1895 896 1955 nominis
910 1897 988 1956 huius
1000 1898 1136 1975 primum,
1156 1888 1320 1978 Διάλογον

207 1982 245 2041 ob
257 1983 374 2060 scriptos
387 1981 423 2038 eb
437 2001 471 2041 eo
485 1982 611 2058 dialogos
627 1982 775 2040 vocitatum
789 1981 923 2040 scribunt.
964 1982 1070 2042 Gom.

291 2064 332 2130 io.
346 2085 372 2123 r.
393 2069 439 2130 10.
486 2063 700 2144 Chrysorroas]
723 2083 791 2124 euro
806 2067 911 2140 fluens,
931 2064 985 2124 hoe
998 2065 1318 2125 connumerationis

206 2151 311 2211 flumen
334 2151 468 2222 sundeus3
497 2171 580 2229 quoru
607 2150 717 2210 laudem
742 2151 882 2212 Aristoteli
903 2151 998 2209 tribuit
1016 2151 1125 2210 Cicero.
1166 2148 1318 2210 Diaconum

207 2235 390 2310 Chrysaoron
406 2237 497 2294 miuus
512 2245 579 2314 epte
592 2237 704 2294 videtur
717 2254 829 2308 rosere,
850 2253 934 2294 nureo
948 2253 1017 2296 ense
1030 2239 1180 2294 ernistum:
1200 2236 1319 2294 emetri

209 2316 248 2378 ob
268 2338 358 2378 errem
377 2320 513 2378 idolorum
533 2321 722 2380 defensionem
742 2320 832 2379 videri
846 2326 931 2398 queat
943 2320 998 2379 hoe
1010 2321 1089 2378 titulo
1104 2319 1319 2379 cohonestntns.

209 2403 367 2465 hnuebus
383 2412 475 2463 entem
493 2408 561 2482 qnid
574 2406 688 2464 Greeois
702 2406 853 2482 significet,
872 2424 928 2463 non
941 2406 1031 2481 magis
1045 2406 1128 2463 rideo
1142 2422 1228 2479 quens
1242 2402 1318 2480 qnid

209 2488 337 2547 Mouzur.
363 2490 469 2565 dequo
484 2490 586 2566 aliquid
601 2497 714 2567 poterut
728 2490 840 2563 eoniiei,
861 2492 884 2549 si
898 2486 1059 2569 λὲοτροβος
1072 2490 1212 2545 Graecum
1225 2492 1317 2547 esset.

209 2571 327 2631 Menses
340 2575 458 2633 fortusse
473 2581 517 2634 est
531 2574 652 2634 Momser
664 2588 756 2647 uren,
778 2576 898 2652 quodet
910 2577 939 2633 in
954 2576 1039 2633 sacris
1053 2569 1139 2629 literis
1152 2576 1183 2629 et
1198 2572 1228 2630 in
1242 2569 1319 2630 Are-

210 2676 290 2716 mses
304 2657 398 2735 tingue
411 2661 532 2737 spurium
547 2660 702 2736 signifimt3
722 2666 807 2735 utque
821 2677 856 2717 eu
868 2676 923 2715 vox
938 2664 983 2715 est
995 2659 1024 2713 iu
1039 2656 1163 2734 Hispone
1180 2656 1318 2717 idiomate

210 2750 330 2800 retentu.
373 2738 511 2798 iriunsuris
530 2745 613 2799 sdiurn
632 2746 716 2800 credo
733 2744 797 2799 dici.
838 2742 867 2797 in
883 2741 952 2799 setis
971 2741 1133 2818 Cpolitme
1149 2742 1251 2815 synodi
1267 2749 1319 2799 est

211 2826 297 2884 tuisse
310 2824 473 2884 Mansurem
487 2826 653 2902 ignominiae
665 2843 749 2883 osusa
760 2842 777 2883 s
790 2826 916 2904 putribus
928 2825 966 2883 ibi
980 2826 1092 2883 dietum.
1114 2824 1196 2880 Xer..
1241 2823 1320 2882 Pso-

210 2908 254 2969 lus
268 2908 422 2967 Dieronus:
443 2920 471 2965 et
481 2930 538 2987 pro
554 2910 700 2982 Μαηοιιν,
719 2910 803 2989 quod
813 2911 876 2965 erius
888 2910 1007 2965 neritum
1019 2925 1126 2964 nomen
1139 2916 1197 2975 est,
1216 2906 1319 2987 quod·

212 3012 270 3073 que
287 2992 455 3071 redernptrss
475 2997 698 3071 ireres-pretatur,
720 3014 809 3049 sensu
828 2992 968 3061 liechies,
990 3010 1159 3070 novansque
1174 2992 1319 3051 ecclessiis

212 3080 407 3155 magistrum,
434 3078 599 3135 Menses-on
627 3077 773 3154 (spurium
796 3078 924 3155 expone)
951 3087 1064 3133 rrsutoto
1087 3080 1206 3134 rsosnhrs
1229 3080 1317 3136 soei-

213 3162 308 3233 tabnt.
351 3163 536 3239 Chrysorroas
553 3162 636 3222 sseris
653 3162 718 3218 viris
734 3162 849 3239 dieitur,
871 3162 908 3221 de
926 3164 1037 3222 nomine
1052 3162 1130 3221 fluvii
1145 3162 1316 3224 Damnem

212 3250 330 3330 petriam
346 3251 573 3327 praeterfluentis.
617 3247 719 3307 Gosn.

297 3332 337 3393 it.
352 3352 377 3393 v.
394 3336 442 3396 12,
485 3326 618 3418 μελῳδός
635 3330 815 3411 hymnorum
833 3329 1097 3390 ecelesiasticorum
1113 3340 1221 3390 moeror
1237 3332 1316 3414 apud

213 3418 345 3478 Graecos.
388 3419 492 3483 Goon.
1072 3482 1074 3489 Ι

300 3502 340 3561 ib·
353 3490 377 3560 ὖ.
396 3501 445 3565 11.
484 3504 547 3562 τοῖο
561 3502 701 3581 γροπτῶν
718 3501 859 3579 proprium
877 3502 988 3580 puteri3
1009 3506 1039 3559 et
1053 3501 1240 3581 Gruptensem
1253 3501 1316 3578 epi-

214 3604 329 3664 seopnrn
344 3588 414 3659 ieri,
435 3588 516 3647 retde
530 3587 641 3645 dubius.
676 3585 728 3644 sed
745 3604 862 3643 resnou
875 3602 986 3663 mogus.
1008 3585 1088 3645 ern.
1130 3586 1169 3644 nii
1182 3602 1315 3661 magnum

215 3673 344 3746 equidem
358 3680 387 3728 et
399 3680 536 3730 momento
548 3673 661 3745 dignum
674 3669 820 3747 Xyieudro
833 3690 956 3742 errassey
977 3679 1004 3731 et
1016 3671 1090 3730 tituii
1102 3672 1315 3747 s'rrrerr'ptorurn

214 3758 291 3830 viee,
312 3758 350 3816 ob
365 3755 471 3812 iruntros
488 3759 628 3831 utriusque
642 3756 733 3813 fratris
750 3755 884 3834 sirimpio
899 3754 1055 3835 Theophiio
1068 3756 1205 3815 frontibus
1217 3753 1316 3811 inseri-

216 3848 299 3921 ptos,
324 3840 506 3901 Theodorum
539 3840 723 3915 (irruptorem
747 3840 917 3917 episcopum
937 3860 989 3918 pro
1010 3840 1112 3918 ingenii
1135 3844 1219 3915 septu
1237 3838 1315 3897 insti-

217 3926 312 3986 tuisse.
355 3927 391 3983 de
406 3926 466 3983 dire
481 3925 528 3983 itte
543 3924 718 4001 inscriptione
735 3933 831 3983 suetos
847 3928 876 3983 in
894 3925 1058 4005 Theophiio.
1100 3924 1203 3981 Gosn.

303 4029 332 4088 p.
349 4010 411 4075 801
431 4030 458 4073 v.
475 4014 504 4071 8.
546 4009 703 4068 Hieracitse
726 4010 774 4085 qui
796 4011 914 4086 suerint,
940 4012 1063 4070 nondum
1083 4010 1151 4063 scio.
1196 4007 1260 4065 novi
1278 4026 1313 4069 eu

219 4100 386 4171 tempestate
402 4095 430 4151 in
448 4095 527 4153 trata
541 4092 767 4172 yvvruorioencrg
784 4096 875 4156 t'rrisse.
918 4097 970 4155 sed
992 4096 1019 4152 iri
1039 4092 1105 4152 nihii
1125 4089 1187 4151 hue.
1229 4096 1313 4153 Xer..

219 4175 253 4241 ed
266 4172 357 4255 Ἱερόν
376 4178 469 4237 seuces
484 4180 684 4256 Propontidos,
705 4198 724 4237 e
739 4179 838 4255 quibus
855 4179 1020 4239 liiereeiteo.
1063 4175 1165 4235 Gonn.

302 4262 346 4322 ib.
361 4284 387 4325 v.
403 4265 452 4327 13.
495 4257 679 4347 Ξηρολόφῳ]
701 4263 829 4323 eoiumnn
848 4271 892 4323 est
905 4263 993 4339 quetis
1009 4260 1036 4319 T
1038 4262 1129 4319 rsiuns
1138 4262 1183 4321 rei
1198 4260 1314 4321 Antoni·

219 4348 303 4408 nisus
319 4348 441 4426 Romae,
462 4367 497 4409 ex
514 4368 571 4410 uuo
589 4348 648 4409 solo
667 4349 777 4428 tepide,
798 4368 832 4407 se
844 4350 910 4405 ideo
922 4344 1015 4415 ineolis
1027 4340 1192 4429 μονὸπετρα
1205 4356 1313 4425 roam,
