2850 4775
551 376 761 444 HISTORIA.
1133 377 1210 452 653

86 557 133 636 τῇ
152 573 195 615 τε
211 553 273 614 τῶν
290 541 437 633 Τοόρκων
451 546 603 635 ἐπιδρομῇ
617 549 667 613 καί
681 545 855 632 κατιοχόσει
870 551 921 613 καί
936 553 976 636 τῇ
986 549 1074 641 βιαίιγ
1087 546 1212 634 όποχω·

87 651 194 737 ρήσει
216 654 267 716 καί
289 648 469 733 δειματώσει
484 658 544 718 τῶν
559 650 755 736 ἠμελημένων
769 657 979 737 στρατιωτῶν·
1003 663 1137 738 συνεχεῖς
1150 655 1211 742 γὰρ

87 753 247 840 ὑπῆρχον
262 755 410 841 ἐκδρομαὶ
424 756 474 820 καί
489 756 646 840 λεηλασίαι
659 755 783 836 συχναί,
809 753 1032 842 όφυνιζομίνοο
1044 764 1101 823 τοῦ
1112 783 1211 842 προσ-

86 857 254 942 τυχόντος
266 856 390 935 παντός.
441 859 490 923 διὸ
503 855 586 942 καὶὴ
603 857 755 942 εὐδαίμων
762 855 852 944 χώρα
866 865 920 942 τῆς
931 859 1064 948 Ἰβηρίας
1074 860 1211 945 οζρίπωτο

59 966 263 1038 ᾶπαντελώς
287 963 336 1026 καί
359 955 527 1048 ἠφάνιστο,
548 959 609 1044 ἤδη
630 961 927 1048 προκατειργασμένα]
947 964 1000 1026 καί
1023 961 1212 1046 ἧσθενιγκυΐα

88 1067 151 1129 καὶ
172 1064 254 1130 κατὰ
270 1063 380 1148 μικρόν
394 1060 587 1133 ἐπιλείπονσώ
600 1089 632 1132 τε
644 1066 696 1130 καί
710 1065 886 1152 φθίνουσα,
909 1070 1209 1148 συμμεταλαμβανο·
1225 1071 1250 1126 (3

87 1169 199 1250 μόνον
215 1167 251 1232 δέ
266 1173 323 1232 τοῦ
339 1169 439 1234 δεινοῦ
455 1170 505 1232 καί
521 1166 591 1232 ὅσαι
605 1163 702 1255 ταότῃ
716 1168 909 1253 παρίκειντο,
934 1170 1162 1249 Μεσοποταμία
1178 1194 1211 1235 τε

89 1273 154 1336 καὶ
178 1271 345 1349 Χαλδαιά,
366 1269 445 1358 πρός
464 1271 498 1336 δέ
518 1270 678 1355 Μελιτηνὴ
699 1274 752 1336 καί
772 1265 931 1337 Κολώνεια
951 1274 1002 1336 καί
1022 1270 1062 1336 τὰ
1081 1277 1126 1359 τῷ
1145 1273 1212 1337 Εὐ-

92 1373 211 1460 φράτῃ
234 1374 411 1458 συγκείμενα
433 1381 579 1464 ποταμῷ,
604 1373 684 1440 «itti
704 1375 767 1460 μὴν
787 1372 823 1440 τό
842 1399 875 1439 τε
890 1372 1087 1460 Ἅρμενιακδν
1104 1376 1156 1438 καί
1174 1377 1211 1440 τό

47 1484 85 1538 tu
95 1475 338 1562 Βαασπρακιίν,
358 1479 410 1542 καί
434 1481 461 1542 si
481 1477 526 1560 μὴ
549 1474 694 1555 πολλάκις
715 1474 957 1562 στρατεόμασιν,
983 1477 1076 1543 ἐνίοτε
1100 1477 1137 1542 tt
1158 1480 1212 1542 καλ

94 1578 227 1665 φήμαις
242 1577 352 1662 μόναις
369 1576 527 1662 δυνώμεων
542 1579 714 1667 όντίργοντο
728 1581 768 1645 rol
780 1586 842 1645 τών
853 1576 1035 1667 βαρβάρων.
1067 1581 1121 1644 καί
1131 1605 1211 1657 τινες

93 1683 235 1767 ἀρχηγοὶ
256 1681 388 1762 τούτων,
413 1682 656 1770 Χωροσαλιίριος
677 1684 729 1748 καί
748 1679 892 1766 Σαμοόχ,
919 1685 947 1748 εί
962 1682 1008 1767 μὴ
1028 1679 1135 1768 ἀγαθῇ
1151 1684 1212 1749 τινλ

93 1783 182 1882 τόχγγ
205 1783 264 1868 τὴν
288 1781 371 1869 ἥττω
394 1782 603 1870 συμβαλόντες
622 1783 851 1873 ἐκληρώσαντο,
876 1783 934 1851 κᾶν
948 1786 1037 1872 μίχρι
1053 1786 1210 1864 Γαλατίας

96 1893 154 1952 καλ
177 1885 368 1976 Ὁνωριιίδος
393 1891 445 1955 καλ
471 1889 566 1976 αότῆς
590 1891 731 1978 Φρυγίας
752 1889 789 1958 τό
813 1889 979 1956 inmotos
998 1890 1206 1976 περιέδραμον.

54 1991 258 2057 saturatas
280 1991 337 2075 μίν
358 1991 419 2079 γὰρ
441 1992 477 2060 τδ
500 1991 736 2080 στρατιωτικόν,
767 1992 864 2078 ψιλόν
886 1994 921 2058 δι’
941 1994 994 2058 καὶ
1017 1991 1133 2058 ἄοπλον
1156 1993 1210 2058 καλ

98 2089 221 2175 γυμνόν
226 2138 238 2171 ,
261 2100 323 2160 τών
336 2091 512 2180 κρειττόνων
526 2095 778 2181 ἀπελαυνομένων
793 2094 935 2163 ἑκάστοτε
950 2102 1006 2176 τῆς
1023 2096 1207 2186 στρατηγίας
1222 2103 1247 2160 Ι)

98 2201 160 2260 soii
179 2192 324 2278 πλήθους
342 2202 404 2260 τών
426 2196 568 2278 ὀψωνίων
584 2200 681 2264 λ’νεκεν
695 2202 747 2263 καί
763 2206 825 2264 τῶν
836 2195 981 2278 μειζόνων
990 2201 1136 2279 βαθμῶν.
1187 2196 1210 2261 ἃ

99 2300 156 2361 καλ
177 2293 397 2382 καταγνώσεως
419 2298 505 2375 ἐκτός
523 2299 578 2364 οὐκ
599 2292 655 2382 ἦν,
680 2299 812 2383 μιγδενδς
826 2300 963 2384 γενναίου
980 2299 1032 2362 καὶ
1049 2294 1210 2382 ἀξιολόγου

99 2400 315 2489 πραττομένοο
335 2398 389 2465 διδ
411 2406 514 2467 sorice.
563 2403 719 2483 συνέβαινε
741 2404 776 2468 δέ
796 2404 831 2469 ἐκ
851 2398 968 2470 τοότων
979 2402 1053 2479 τοὺς
1065 2401 1122 2484 μίν
1132 2397 1210 2467 Ῥω-

59 2506 216 2585 Ξῦμαίονς
235 2509 457 2569 ταπεινοῦσθαι
477 2504 529 2570 καλ
549 2507 783 2588 κατεπτηχίναι,
807 2504 880 2582 roric
900 2501 1081 2593 βαρβάρους
1099 2505 1133 2569 δι’
1149 2531 1212 2591 ιγν-

101 2613 226 2673 σιῐσθαι
242 2608 294 2671 καί
308 2605 492 2691 ἐπαίρεσθαι
507 2609 558 2671 καί
570 2592 649 2689 μετὰ
662 2613 777 2692 πολλῆς
788 2606 1043 2695 προορήγτυοθαι
1057 2606 1210 2693 πεποιθή-

102 2729 197 2785 σεως·
226 2706 276 2773 ὅτε
296 2708 334 2793 δὴ
356 2711 408 2773 καλ
428 2710 460 2785 ἐς
482 2708 517 2776 τό
537 2706 635 2776 Ἄνιον
656 2712 871 2777 δποοτίλλεται
895 2712 969 2789 δοόξ
987 2708 1142 2798 Ἅρμίνιός
1162 2736 1209 2787 τις

102 2809 305 2893 Παγκράτιος
334 2810 486 2892 τοόνομα,
517 2813 550 2877 ἐκ
579 2820 641 2879 τῶν
673 2811 801 2881 ἐνόντων
819 2811 1028 2896 όποοχόμενος
1050 2814 1089 2878 τὰ
1115 2814 1208 2877 ἐκεῖσε

101 2910 321 3001 σιρατιίματα
335 2913 466 2976 διοικεῖν.
500 2918 556 2977 soci
571 2916 605 2977 ot
620 2915 788 2981 σουλτιίνου
804 2913 981 3001 παριόντος,
1002 2913 1046 2997 μὴ
1060 2916 1163 2997 μίντοι
1174 2939 1209 2999 γι

102 3074 254 3127 Turcorum
274 3070 472 3126 excursionibus
491 3076 520 3125 et
536 3072 707 3143 oppressione
725 3090 758 3127 ae
776 3073 896 3127 uiolenta
908 3073 975 3142 tuga
994 3077 1021 3127 el
1038 3078 1142 3128 terrore
1159 3090 1208 3127 ns-

12 3158 13 3167 *
100 3145 248 3211 ,electorum
273 3140 397 3195 militum:
420 3142 587 3195 continentes
605 3144 672 3195 emim
690 3143 790 3197 fiebant
805 3142 984 3210 incursiones,
1009 3144 1119 3196 crebrae
1135 3143 1209 3196 ‹lire-

12 3252 13 3255 ,
100 3213 225 3281 prienes,
248 3220 278 3263 et
294 3226 465 3280 quaecunque
482 3213 656 3265 occurrebant
675 3211 811 3281 hostibus,
836 3213 1041 3279 evertebantur,
1065 3221 1093 3265 et
1109 3212 1208 3267 iccirco

11 3288 13 3308 ³
100 3282 164 3335 telis
190 3279 297 3332 iberiae
322 3278 397 3347 regio
422 3280 526 3333 omnino
549 3280 668 3336 desolsta
687 3280 741 3335 iuis
763 3290 791 3335 et
813 3298 921 3351 prorsus
944 3279 1048 3349 deleta,
1072 3282 1128 3334 ium
1145 3290 1210 3335 ante

99 3351 224 3404 conlecta
242 3356 270 3401 et
286 3348 437 3416 imbecillis,
457 3366 489 3402 ac
506 3350 602 3403 sensim
619 3350 725 3403 deserta
742 3359 770 3405 et
785 3359 919 3421 corrupta.
953 3358 1034 3419 atque
1052 3350 1128 3402 buius
1145 3350 1208 3403 mali

117 3419 246 3489 anticipes
268 3426 345 3471 eraut
364 3418 557 3487 Mesopotamia
580 3427 609 3473 et
628 3420 763 3474 Chaldaea
786 3426 813 3473 et
835 3421 945 3490 insuper
962 3418 1089 3471 Melitene
1106 3426 1135 3471 et
1150 3418 1207 3473 Co·

98 3438 170 3543 ίοαίι
188 3498 217 3540 et
233 3486 291 3539 loca
308 3485 342 3540 ad
359 3487 467 3541 flurium
485 3488 646 3557 Euphratem
664 3490 732 3557 sita,
756 3489 820 3558 quin
844 3490 924 3543 etiarn
948 3486 1072 3540 Armenia
1090 3493 1118 3539 et
1134 3486 1206 3541 Baa-

97 3555 251 3629 sptuennis.
285 3572 317 3608 ac
335 3555 387 3608 nisi
403 3572 483 3627 ssepe
500 3558 619 3611 exercitu
636 3566 666 3611 et
681 3560 810 3613 interdum
826 3559 884 3612 sois
900 3558 970 3610 tomo
985 3555 1118 3624 copiarum
1132 3572 1206 3610 com·

98 3629 185 3697 pressi
218 3625 331 3677 luissent
357 3626 480 3691 barbari,
513 3634 541 3680 et
572 3628 678 3697 quitiam
706 3628 823 3699 ipsorum
846 3627 927 3680 duces
952 3623 1152 3678 Cborosnlarius
1176 3632 1207 3679 et

98 3696 215 3750 Samuclt
240 3694 310 3747 loona
335 3694 444 3762 quadam
466 3696 573 3749 fortuna
595 3698 733 3751 commisso
755 3696 856 3767 praelio
881 3694 980 3747 cladem
1001 3694 1090 3747 sortiti
1107 3704 1207 3764 essent,
1247 3743 1250 3748 .

97 3767 177 3820 ιιίειο
205 3779 289 3831 nsque
313 3764 348 3815 nd
371 3763 500 3817 Galatiam
524 3774 552 3818 et
571 3766 732 3820 Onoriadem
750 3777 829 3835 atque
847 3764 931 3834 ipsam
947 3761 1090 3829 Phrygiam
1107 3764 1206 3817 sdver-

97 3836 163 3888 asrii
177 3832 373 3888 excurrisscntc
394 3829 546 3885 mittebatur
563 3836 631 3887 enim
649 3836 782 3888 exercitus
799 3833 866 3886 male
883 3833 1027 3885 instructus
1045 3839 1073 3885 et
1088 3831 1207 3901 inermis,

97 3904 169 3971 qnod
194 3919 299 3971 sempor
321 3900 528 3970 praestantiores
552 3904 740 3957 obiicerentur
762 3904 933 3972 praefectura
955 3900 1081 3954 maiorum
1104 3904 1207 3972 stipen-

100 3974 202 4026 diorum
226 3982 254 4025 ct
278 3971 403 4023 bonorum
427 3986 524 4032 σταται
550 3986 617 4039 qnae
635 3971 740 4039 quidem
756 3970 834 4041 culpa
851 3970 956 4023 minime
972 3972 1120 4040 vacabant,
1148 3986 1206 4022 ctam

102 4041 165 4093 nibil
190 4050 324 4095 strenuum
351 4046 398 4093 aut
421 4041 587 4093 memorabile
613 4040 662 4093 bae
681 4042 716 4093 sle
733 4058 813 4094 consa
829 4049 977 4109 gereretur.
1012 4040 1108 4108 quibus
1125 4040 1206 4091 rebus

102 4110 222 4163 effectum
241 4118 283 4163 est
301 4118 330 4162 trt
347 4108 459 4162 llomani
477 4108 661 4163 imbecilliores
680 4111 779 4163 rerlditi
795 4119 898 4163 terrimo
914 4107 1122 4178 complerentur,
1143 4108 1207 4159 bar-

102 4178 159 4231 bari
182 4196 246 4233 vcro
272 4178 357 4232 inllati
382 4178 468 4232 animo
490 4180 649 4233 efferrentur
666 4188 694 4233 et
711 4179 790 4233 multa
807 4178 967 4233 confidentia
983 4177 1144 4246 irruptiones
1162 4176 1205 4228 fa·

102 4253 207 4309 cerent3
233 4264 290 4301 enm
311 4247 390 4303 etiam
408 4248 441 4303 nd
458 4246 551 4301 Anium
569 4247 663 4303 missus
681 4249 763 4303 suerit
781 4248 834 4302 dux
851 4248 991 4301 Armenius
1007 4246 1128 4314 quidam,
1154 4260 1205 4296 no-

102 4318 171 4370 mine
195 4316 367 4384 Passeratius,
395 4317 526 4387 pollicitus
549 4335 593 4372 res
609 4319 643 4371 ad
660 4320 805 4374 exercitum
827 4317 872 4387 qui
890 4316 928 4368 ibi
945 4316 1038 4369 aderat
1053 4321 1205 4381 spectantes

100 4404 130 4442 ce
146 4402 197 4459 pro
214 4386 286 4441 virili
303 4398 380 4457 parts
396 4386 647 4447 sdmiuistraturum.
681 4405 741 4445 cum
757 4406 822 4445 sero
839 4386 967 4443 Saltuuus
983 4382 1044 4437 illac
1060 4382 1114 4437 iter
1129 4383 1204 4439 isce-
