2850 4775
499 428 832 497 annotattottas,
1134 430 1205 501 791

103 598 192 655 terte
207 590 341 659 ,Zonaras
366 593 461 655 itidem
486 601 518 654 ut
541 602 635 653 noster
664 595 763 669 habet,
798 596 975 673 respondisse
1001 593 1150 655 liudociam
1176 616 1208 656 se

102 674 143 741 sd
167 682 269 757 psilon
290 680 449 739 wmedisse.
492 681 568 757 qaod
581 682 618 739 de
631 697 683 741 ore
696 699 856 759 responsum
870 682 932 760 quis
946 678 1063 740 credatl
1089 687 1119 739 et
1130 682 1205 758 apud

104 764 303 841 Nicephorum
317 772 381 841 post
395 783 420 825 c.
433 763 475 829 49
492 764 543 823 boc
556 764 645 842 ipsum
661 768 758 843 μῆλον
773 764 869 845 ἔριδος
881 765 1053 844 appellatur,
1074 771 1106 823 ut
1118 773 1163 824 est
1175 766 1205 822 in

106 850 241 923 margine
259 854 435 919 annotab1m3
455 854 486 907 et
503 849 539 907 ab
559 848 642 907 Eride
659 851 743 909 titisse
761 868 873 928 pomum
885 852 914 908 in
927 850 1029 927 nuptiis
1047 848 1121 908 Pelei
1138 868 1205 927 pro·

105 933 250 1011 positura,
271 938 365 990 notum
379 940 430 991 est.
471 938 554 1008 atque
569 932 605 989 ab
623 952 674 993 ove
689 936 726 993 ad
740 953 850 1012 pomum
865 934 1048 1010 ambiguitatis
1062 935 1206 992 ocuuione

106 1018 210 1075 lusisse
230 1022 366 1076 auctorem
388 1034 443 1075 non
466 1018 547 1076 valde
564 1017 670 1076 videtur
686 1018 840 1098 probabile.
882 1020 919 1077 de
934 1036 969 1076 eo
984 1017 1203 1077 monendumlc-

106 1109 219 1160 ctorem
232 1100 316 1172 duri,
337 1120 372 1159 ne
387 1118 431 1160 me
444 1098 519 1158 nulla
534 1100 645 1161 musitio
661 1121 678 1161 a
694 1101 853 1182 Nicephoro
867 1101 970 1162 Latina
983 1101 1121 1160 dirersm
1134 1102 1204 1160 scri·

106 1188 202 1265 psisse
218 1192 307 1261 putet.
347 1185 416 1242 Χιι.

197 1288 228 1347 p.
246 1268 307 1330 593
330 1287 355 1325 r.
374 1270 403 1331 3.
444 1287 498 1324 sno
518 1266 666 1346 syncello]
698 1269 723 1327 is
747 1271 812 1344 l'uit,
842 1270 894 1328 nisi
916 1268 1011 1344 fallor,
1040 1265 1202 1329 Anastasius

109 1353 273 1431 presbyter,
293 1354 367 1417 coitis
387 1370 450 1411 mox
470 1356 572 1412 mentio
593 1356 633 1413 at
675 1355 742 1430 quid
756 1355 794 1413 sit
808 1354 957 1430 syncellus,
980 1354 1069 1431 prima
1081 1361 1202 1411 annota-

109 1440 190 1497 tione
210 1436 297 1495 docui
339 1436 407 1495 baec
427 1443 519 1497 eatan
540 1438 650 1497 historia
669 1439 697 1497 iu
717 1440 812 1498 codiee
828 1440 896 1496 satis
910 1444 953 1496 est
969 1439 1122 1496 cantasset
1136 1456 1201 1495 oon-

109 1524 177 1580 eisc.
226 1520 325 1578 utiliter
349 1518 424 1597 leges
444 1522 519 1579 iuxta
540 1523 680 1581 Socratem
703 1526 725 1584 7
745 1525 787 1586 32
807 1530 837 1580 et
859 1522 1004 1599 deinceps,
1033 1541 1068 1579 aa
1088 1520 1201 1595 Euagrii

109 1606 129 1662 l.
149 1608 175 1665 l.
197 1604 266 1660 Xan.
308 1611 337 1662 ut
357 1604 395 1663 de
413 1604 554 1680 syncello,
575 1606 726 1683 potioribus
744 1608 772 1663 in
792 1606 875 1665 alium
895 1606 982 1663 locum
1003 1604 1113 1679 dilatis,
1134 1604 1201 1663 nibil

110 1688 156 1747 laic
179 1693 282 1746 temere
301 1688 482 1761 obtrudatur,
502 1707 597 1771 ιιιιιιιι
608 1684 773 1769 cdyarlloc
795 1690 936 1765 dignitatis
951 1694 981 1749 et
998 1688 1125 1762 honoris,
1144 1706 1201 1747 noa

109 1771 195 1831 officii
216 1778 308 1831 notam
329 1791 391 1832 esse
408 1792 584 1846 commoneo3
607 1794 726 1852 eumque
742 1775 794 1834 hoc
813 1774 890 1833 titulo
905 1774 1071 1851 patriarchas
1086 1773 1202 1847 insigni-

109 1858 200 1931 aisse,
221 1874 302 1933 qrrem
319 1857 421 1935 privati
433 1859 571 1916 convictas
586 1860 726 1934 sodalem,
746 1861 828 1917 animi
842 1860 884 1916 sui
899 1860 1050 1926 conscium,
1070 1859 1098 1915 iu
1113 1876 1200 1933 nego·

109 1942 155 1999 tiis
175 1940 391 2018 consiliatorem,
419 1943 529 2019 spiritus
551 1944 729 2017 directorem,
749 1963 768 1999 a
788 1941 1003 2001 maleaionibus
1019 1946 1144 2019 patron,
1165 1960 1200 1999 ac

109 2025 174 2082 ideo
195 2026 291 2085 loriam
314 2026 464 2085 eorundem
485 2037 641 2085 consortem
660 2034 690 2087 et
710 2026 932 2083 concellaneum
956 2024 1094 2098 (utilior
1116 2025 1200 2097 oraim,

108 2115 140 2163 nt
155 2109 209 2164 iarn
226 2107 319 2183 leges,
340 2109 416 2165 calla
431 2114 504 2176 est)v
516 2113 542 2168 in
556 2112 762 2171 crintuberniurn
773 2113 960 2170 admitterent
1002 2110 1065 2167 binc
1077 2108 1201 2169 Nestorii

107 2189 242 2265 syncellos
267 2194 320 2247 iste
342 2191 504 2255 Anastasius
527 2197 671 2269 presbyter
690 2197 726 2251 ab
746 2196 866 2270 Euagrio
887 2196 907 2254 6
928 2199 966 2266 2,
986 2200 1015 2248 et
1034 2194 1199 2250 tautanius

107 2275 271 2347 ιιιειιὶιιιιιι,
291 2274 381 2332 cidem
399 2275 435 2330 ad
452 2276 637 2353 episcopatum
655 2277 838 2353 proficiscenti
853 2295 944 2334 comes
961 2276 1107 2333 adiunctus
1119 2295 1200 2333 enar·

107 2365 202 2429 ratur,
221 2364 251 2416 et
270 2366 303 2416 ut
318 2356 467 2436 syncellus
490 2361 637 2438 deinceps,
659 2362 810 2426 Socratoil
832 2362 873 2424 32
893 2366 982 2432 teste,
1002 2364 1100 2440 συνῆν
1113 2353 1200 2442 arisai

106 2436 301 2514 Ἀνασιιὶσιος
321 2439 569 2523 πρεσβύτερος,Γ
555 2443 618 2520 ripn
641 2437 724 2506 aristi
746 2443 836 2507 ἐκ
798 2468 853 2522 της
875 2437 1054 2522 Ἀντιοχείας
1073 2445 1199 2517 σταλείς.

107 2531 216 2588 τοῦτον
236 2524 286 2588 dici
308 2531 396 2605 τιμῆς
417 2521 474 2604 εἶχε
496 2531 625 2605 πολλοῖς,
653 2529 704 2590 aui
727 2527 760 2591 lu
780 2536 842 2600 τοῖς
863 2523 1017 2608 πράγμασι
1038 2524 1199 2609 συμβούλω

107 2611 223 2690 ἐχρῆτο.
273 2628 344 2686 quae
368 2611 431 2668 alibi
454 2612 490 2668 de
508 2613 628 2686 syncello
650 2632 681 2672 se
701 2615 825 2672 an'uaads
822 2616 925 2671 artisse
943 2621 1037 2671 monet
1057 2614 1199 2687 Xylander

106 2696 246 2771 saperssua
267 2700 378 2752 suntet
400 2692 488 2749 loco
481 2713 639 2770 incongrua.
682 2714 739 2773 qna
765 2713 884 2771 namque
904 2697 1010 2752 ratione
1028 2697 1199 2774 patriarchae

100 2781 203 2854 'suisset
223 2796 364 2836 ιιιιιιιιοι
381 2777 559 2853 designatos,
580 2779 627 2855 qrri
650 2797 705 2838 non
730 2781 874 2851 maressii,
901 2780 1004 2855 quirpae
1025 2799 1080 2839 non
1104 2799 1122 2838 a
1144 2799 1199 2859 pa-

107 2862 227 2922 triarrba
247 2865 297 2926 scd
318 2863 355 2920 ab
374 2862 538 2939 imperatore
557 2863 647 2922 tbroni
667 2863 800 2944 pontificii
818 2864 913 2924 haeres
928 2864 1036 2923 solebat
1050 2874 1115 2924 tuac
1129 2871 1199 2925 tam-

105 2950 183 3026 poris
198 2945 353 3006 enoratiari‘l
395 2948 498 3005 Goon.

190 3029 231 3090 io.
240 3051 266 3090 v.
275 3035 295 3090 7
298 3079 305 3092 .
334 3031 495 3108 Augustae
508 3027 711 3110 ordolriatr'cus]
729 3029 822 3091 rhetor
831 3029 988 3111 Nicephoro
1001 3031 1041 3098 14
1057 3034 1108 3094 32.
1128 3031 1199 3089 Χιι.

104 3111 326 3172 metatoribus
343 3116 487 3190 Augustae
503 3116 601 3176 domus
616 3117 776 3176 uutodibus
793 3135 873 3174 unus.
916 3117 952 3176 do
973 3114 1078 3175 Scholia
1098 3113 1198 3175 Pauci·

105 3197 190 3256 roilus
205 3197 242 3254 od
257 3194 390 3256 Notitiam
404 3201 510 3275 imperii
525 3221 550 3258 c.
562 3203 611 3264 63.
655 3201 759 3259 (ioan.

190 3279 230 3338 ib.
243 3299 270 3341 ιι.
286 3281 333 3344 11.
377 3281 521 3360 I'roclus]
543 3285 636 3359 Cyzici
653 3284 705 3344 suit
725 3286 886 3363 episcopus,
904 3290 934 3343 et
946 3284 1072 3359 Byzantii
1085 3285 1197 3343 honoris

106 3368 206 3445 (puto)
220 3385 303 3425 causa
313 3365 464 3424 orationem
477 3387 582 3425 sacreum
596 3370 632 3426 ad
646 3367 775 3446 populum
790 3369 897 3435 babuit,
916 3369 1043 3444 praeside
1056 3367 1196 3427 Nestorio.

105 3454 170 3512 aida
196 3451 344 3528 Nicephor.
385 3451 458 3510 idem
485 3453 522 3524 de
548 3449 671 3510 Eusebio
693 3451 808 3530 Dorylai
826 3452 972 3529 episcopo,
1004 3452 1045 3516 14
1072 3452 1124 3517 47.
1166 3457 1197 3512 tt

199 3538 241 3594 ‘ns
264 3539 331 3600 19.
373 3537 445 3596 Xan.

105 3537 216 3699 Ἣ
230 3617 293 3684 594
305 3639 331 3678 v.
344 3621 373 3686 4.
415 3638 533 3684 sacram
551 3614 722 3696 epistolam]
741 3619 781 3678 sic
799 3617 943 3696 aliquoties
961 3622 1090 3676 vocantur
1105 3617 1197 3677 salicta

105 3708 301 3785 imperatorum
319 3705 356 3764 dc
375 3705 457 3762 rebus
474 3704 672 3766 ocdesiasticis.
714 3706 745 3764 in
757 3702 945 3766 ecclesiasticis
957 3700 1077 3761 historiis
1091 3701 1195 3762 divales

104 3809 196 3850 sacras
209 3789 342 3847 nominari
356 3808 403 3846 eas
416 3790 567 3848 observavi.
608 3789 678 3848 Χιι.

186 3871 332 3954 Ρ..595ι
348 3873 396 3934 16.
437 3873 541 3934 Oasis
534 3893 561 3930 ιιι
577 3871 740 3932 Arabiaest.
768 3871 899 3929 Zonaras.
940 3869 1012 3931 Xan.

187 3957 299 4038 90598
328 3975 354 4014 v
378 3951 426 4018 14.
467 3957 500 4011 in
529 3954 653 4032 Anapis
661 3953 672 4032 ]
706 3957 756 4016 C?
782 3956 841 4012 loco
872 3955 913 4012 ita
942 3959 1050 4012 tffocato
1092 3951 1195 4010 Gora.

104 3979 259 4116 α’νᾶιιλοιις
282 4042 416 4120 interpres
439 4039 587 4120 Nicephori
610 4041 753 4098 transitum
772 4041 874 4115 vertit,
909 4038 947 4102 15
975 4041 1027 4101 22.
1080 4041 1195 4116 apparot

104 4125 188 4184 luisse
204 4127 362 4186 suburbium
379 4124 508 4205 Cpoleos.
549 4125 618 4182 Χιι.
908 4147 916 4161 ·

186 4229 215 4285 p
235 4213 346 4274 599ι.
367 4211 398 4273 9.
440 4232 496 4286 φοι
498 4203 648 4288 dapason]
677 4198 851 4287 φοιδιρᾶιοι
873 4201 970 4287 ἤγουν
993 4199 1191 4278 ὑπόσπονδοι,

106 4290 196 4350 scribit
213 4291 434 4372 llarmenopulus
452 4293 503 4357 14
523 4298 568 4355 tit.
584 4299 632 4357 12.
676 4294 712 4352 de
731 4292 831 4368 quibus
849 4290 1009 4369 Rigattius'
1002 4310 1030 4348 ιιι
1050 4288 1192 4348 Glossario

106 4377 234 4452 Μαι,
257 4384 286 4437 et
299 4380 432 4438 lordauus
444 4379 573 4440 derebus
585 4380 692 4441 Geron:
714 4375 788 4434 dum
793 4375 1030 4455 famosissimam
1046 4375 1195 4431 tbnstan-
