2850 4775
349 383 650 452 mstomsuutt
675 385 969 454 coulssunruuu
1141 388 1215 458 553

106 558 273 644 ακεααστῷ
283 553 466 646 manure
478 555 569 642 πυρί,
588 555 660 643 τρία
673 552 708 620 δέ
723 553 882 646 αὔτανδρα
894 559 1112 638 καταποντίζει.
1150 583 1218 643 χιι·

109 665 223 741 ραῦται
245 659 281 726 di
304 662 356 726 sui
377 657 412 725 ‘lv
431 658 526 737 αότός
542 653 729 743 είσπηόὴσας
743 663 787 738 είς
800 657 895 741 αὐτό,
920 663 971 725 καὶ
986 666 1048 727 τῶν
1063 659 1149 728 ίνιῖον
1164 661 1220 741 οὓς

108 766 170 846 μέν
185 761 373 850 άποσφόξας
388 759 440 841 οὓς
456 761 492 828 di
504 764 556 828 καὶ
569 758 823 848 τροπιοσάμενος,
847 762 906 847 τὴν
923 760 1040 847 τόλμην
1060 771 1219 832 καταπλα-

108 867 222 952 γέντας
242 865 350 932 edred.
400 866 430 932 oi
446 866 480 931 δέ
494 861 619 932 Σκόθαι
634 867 686 932 καί
702 865 756 931 τόν
769 866 900 948 βασιλέα
913 864 974 950 ἤδη
990 861 1119 952 ὁρῶντες
1133 865 1222 958 ίρχό-

84 987 102 1038 5
108 995 207 1052 μενον
220 969 280 1036 σόν
294 971 386 1036 παντί
403 975 449 1059 τῷ
467 965 586 1058 ατόλῳ,
609 970 662 1034 καί
681 967 893 1056 λογισάμενοι,
917 967 991 1056 ὅπερ
1011 959 1050 1052 ἦν
1070 968 1166 1054 ελκός,
1191 973 1260 1040 sil>

110 1079 245 1140 τοιαῦτα
267 1069 441 1141 πεπόνθασι
458 1075 539 1160 τρισί
559 1068 713 1160 τριήρεσιν
733 1070 926 1150 ἀντιστάντες
947 1069 1167 1156 πολεμοόσαις,
1191 1077 1224 1141 τί

111 1175 155 1240 ἂν
169 1174 303 1243 πάθοιεν
313 1174 489 1260 βιαζόμενοι
501 1178 590 1242 παντὶ
602 1183 647 1264 τῷ
660 1171 761 1266 στόλῳ
775 1175 1005 1262 συμπλέκεσθαι
1011 1223 1024 1256 ,
1043 1175 1223 1262 όπέβλεψαν

112 1279 194 1364 πρὸς
216 1275 336 1366 «scyris,
361 1283 412 1344 καλ
435 1281 478 1356 είς
498 1278 593 1345 τόπον
615 1279 835 1370 όπορριῳίντες
854 1279 1021 1358 σκοπέλους
1042 1276 1152 1362 έχοντα
1170 1281 1223 1345 καλ

112 1383 229 1466 πέτρας
241 1378 383 1468 όῳάλοας
393 1381 434 1447 τά
448 1383 540 1449 πλείου
554 1388 758 1472 reluctantis
774 1381 982 1466 άπεβάλοντο,
1008 1382 1222 1467 έπιτιθεμένων

72 1482 238 1562 λοταόταις
253 1484 315 1552 dut
327 1491 383 1570 τῆς
395 1490 492 1570 ξηρᾶς
507 1488 559 1553 καὶ
573 1493 635 1552 τῶν
649 1489 946 1574 παραιιορεοομένιον
960 1493 1156 1575 στρατιωτῶν
1172 1488 1224 1553 καί

112 1585 315 1654 «inondum
333 1587 464 1669 αότοός,
489 1586 533 1668 ὡς
550 1585 714 1676 εόρεθῆναι
730 1591 809 1676 μετά
823 1595 921 1658 ταῦτα
937 1591 1062 1674 νεκροός
1077 1591 1223 1676 ἐρριμμέ-

112 1716 187 1768 ναας
199 1692 235 1756 έν
250 1701 314 1770 ταῒς
329 1695 479 1778 ιιέγιαλοῖς
491 1693 572 1780 ἀμφὶ
584 1692 642 1771 τὰς
656 1690 689 1759 ιε’
700 1690 856 1779 χιλιάόας.
907 1691 924 1759 ό
940 1695 996 1774 μέν
1012 1685 1065 1757 οἶν
1080 1692 1225 1773 βασιλεός

113 1793 194 1875 μετὰ
210 1794 269 1878 τὴν
284 1801 346 1863 τῶν
363 1800 498 1863 Σκσθεῖιν
515 1787 612 1881 ἧτταν
632 1796 686 1883 ἐφ’
711 1795 787 1872 όλας
808 1794 865 1862 δίο
889 1795 1076 1880 προσμείνας
1096 1790 1224 1882 ἡμέρας,

114 1896 196 1963 κατὰ
207 1897 268 1981 τὴν
279 1900 383 1986 τρίτην
393 1896 584 1984 ὑπέστρεψεν
598 1893 640 1976 είς
652 1896 708 1982 τὴν
719 1899 866 1982 βασιλίδα
871 1945 883 1978 ,
906 1895 962 1965 δόα
973 1893 1117 1984 τάγματα
1129 1923 1227 1964 κατα-

17 1998 21 2014 '
77 2000 215 2067 tilensis
236 2003 290 2066 καὶ
310 2001 367 2078 τιλς
385 2002 548 2087 λεγομένας
565 1999 715 2090 ἑταιρείας
721 2049 732 2081 ,
756 1997 817 2091 ὑφ’
837 1997 962 2088 ἡγεμόνι
977 1997 1149 2082 ταττόμενα
1164 2006 1227 2067 Νι-

114 2101 220 2190 κολάῳ
240 2112 284 2190 τῷ
303 2105 638 2190 παρακοιμανμέι·ῳ,καλ
656 2107 809 2190 Βασιλείῳ
828 2105 987 2188 μαγίστρῳ
1001 2108 1046 2186 τῷ
1060 2100 1225 2188 Θεοβιορο-
1242 2111 1265 2166 P
1283 2115 1338 2168 760

116 2201 222 2288 κάνῳ,
257 2202 313 2288 ἐφ’
341 2196 368 2291 ᾦ
394 2206 468 2280 τοὺς
496 2203 653 2286 αι’γιαλοιλς
683 2206 855 2268 έπισκοπεῒν
877 2204 929 2267 καί
951 2201 1152 2287 παρατρέχειν
1176 2205 1229 2268 καί

118 2303 352 2393 φυλάττεσθαι,
375 2302 421 2390 μή
444 2329 491 2382 τις
512 2302 666 2387 ἀπόβασις
683 2305 807 2392 γένηται
826 2310 889 2372 τῶν
908 2301 1096 2394 βαρβάρων,
1120 2305 1175 2372 τόν
1194 2305 1230 2372 di

116 2405 219 2475 πιόντα
238 2405 349 2475 στόλον
366 2404 447 2474 κατά
462 2408 517 2475 τόν
537 2406 645 2494 Φάρον
660 2408 840 2495 προσμένειν
854 2406 1008 2486 κελεόσας.
1060 2410 1113 2474 καί
1134 2405 1151 2475 ό
1171 2410 1229 2494 μίν

77 2510 266 2594 πβασιλεός
289 2508 656 2595 ταῦτα·ιλιαπριιξάμενος
679 2515 822 2593 είσνῖλθεν
848 2514 892 2588 είς
915 2512 951 2576 τὸ
976 2508 1163 2592 Βυζάντιον,
1197 2512 1229 2579 αλ

120 2618 188 2698 περὶ
208 2614 264 2679 τόν
284 2611 559 2699 παρακοιμιόμεναν
581 2615 615 2680 δέ
637 2617 688 2679 καὶ
707 2614 761 2679 τόν
783 2609 1022 2700 Θεοιλίοροκόναν
1037 2614 1110 2692 τοὺς
1126 2618 1227 2701 clytu-

120 2717 194 2793 λαός
212 2712 395 2802 περιιόντες,
419 2714 497 2781 ἔνθα
517 2715 596 2799 μετὰ
618 2716 674 2801 τὴν
695 2716 812 2803 τροπὴν
835 2713 1010 2803 ἐξεβράσθη
1032 2715 1072 2783 τὰ
1096 2717 1228 2803 στόματα

120 2828 182 2887 τῶν
202 2815 393 2907 βαρβάρων,
414 2824 529 2904 πολλῆς
551 2820 634 2897 λείας
654 2821 706 2886 καλ
726 2818 846 2887 σκόλιον
863 2819 997 2906 ίγίνοντο
1015 2814 1125 2907 κόριοι.
1175 2824 1228 2888 καλ
1286 2882 1287 2887 ,

118 2919 255 3013 τριήρεις
276 2922 311 2989 δέ
330 2923 476 3011 τέσσαρες
494 2924 542 2990 έπλ
563 2922 660 2991 εἴκοσι
680 2930 735 2991 τοῦ
759 2928 869 2989 λοιπαό
891 2921 1095 3013 ὁιαιρεθεῖσαι
1116 2920 1229 2989 στόλον

189 3112 377 3187 Ησιόμενον
391 3112 580 3188 βλίκαντεςΡ
682 3118 866 3182 δτόποαςῦ
970 3114 1149 3187 itenere,

120 3290 182 3343 dies
197 3288 291 3343 hostes
306 3289 428 3344 insectus
444 3296 552 3360 septem
563 3306 647 3346 neves
663 3290 808 3346 artificioso
822 3292 884 3361 igne
897 3296 1011 3361 cremet,
1029 3296 1085 3347 tres
1095 3308 1153 3347 cnm
1164 3292 1232 3363 ipsis

123 3358 276 3412 vectoribus
292 3360 429 3429 demergit,
446 3376 552 3427 unaque
569 3358 678 3430 potitur,
696 3360 724 3412 iu
743 3378 800 3414 eum
817 3360 938 3415 insiliens
955 3370 984 3415 et
1000 3360 1149 3425 clussiurius
1168 3380 1232 3432 pur·

122 3428 171 3481 tin
188 3427 302 3482 csedeus
319 3430 415 3499 purtim
430 3427 541 3482 audacis
556 3426 640 3498 ipsius
656 3429 812 3500 perterritos
829 3430 934 3501 lugens.
968 3430 1085 3498 Scythae
1099 3448 1156 3483 eum
1171 3432 1231 3487 uui-

122 3512 205 3553 versa
220 3494 306 3549 classe
321 3498 449 3551 secedere
465 3497 652 3567 imperatorem
669 3497 802 3568 ridentes,
820 3506 900 3583 elque
917 3498 944 3553 id
960 3500 1030 3569 quod
1049 3516 1093 3552 res
1111 3506 1168 3554 erut
1184 3516 1233 3553 co-

121 3567 257 3637 gitantes,
282 3582 339 3618 eum
363 3584 398 3620 ne
420 3567 498 3621 trium
516 3566 620 3636 quidem
637 3566 783 3621 triremium
798 3568 987 3624 sustinuissent
1001 3569 1141 3637 impetum,
1168 3570 1233 3639 quid

123 3640 282 3690 eveumrum
301 3642 374 3688 esset
396 3636 420 3687 si
442 3654 500 3689 cum
517 3643 575 3689 tots
592 3634 678 3689 cluse
694 3638 887 3707 confligendum
903 3639 991 3699 leret,
1016 3637 1103 3705 iugem
1121 3638 1232 3706 luriunt,

124 3713 156 3760 et
173 3720 205 3757 se
221 3700 351 3755 inlocum
367 3702 536 3759 immittentes
551 3722 623 3767 τινα
633 3723 667 3759 αα
682 3707 805 3776 scopulos
822 3708 873 3759 sub
890 3705 954 3758 meri
971 3704 1156 3765 delitescentes
1182 3707 1233 3761 lte·

125 3777 233 3830 beutem
255 3771 398 3842 plerusque
416 3790 498 3828 neves
515 3775 637 3846 perdunt.
673 3776 720 3829 sed
739 3782 767 3827 et
783 3772 879 3827 milites
897 3792 912 3827 e
929 3772 1073 3827 continenti
1091 3794 1137 3829 eos
1154 3776 1231 3829 invn-

124 3845 209 3906 duut‚
234 3856 407 3911 msgusmque
428 3851 540 3913 stragem
563 3845 654 3901 edunt.
689 3860 755 3896 suno
773 3843 930 3895 ceduverum
948 3842 1080 3897 hostilium
1098 3844 1125 3898 in
1141 3846 1232 3899 littore

124 3915 238 3966 invente
259 3918 324 3965 snut
345 3912 481 3979 postmodo
504 3914 653 3982 quindecim
678 3911 785 3964 circiter
809 3911 890 3965 milit.
925 3913 1057 3981 superetis
1080 3914 1131 3967 lucc
1153 3922 1231 3983 paeto

127 3980 255 4049 Scythis,
276 3980 423 4051 imperetur
444 3989 527 4034 tetum
550 3983 658 4036 biduum
679 3980 718 4033 ibi
742 3979 857 4035 locorum
885 3990 1057 4036 commoratus
1082 3983 1161 4037 tertie
1187 3982 1232 4033 die

127 4050 287 4116 Byzantium
303 4047 399 4117 rediit,
422 4049 523 4103 duabus
543 4050 693 4120 legionibus
710 4056 738 4101 et
754 4067 820 4173 ιῳρια
838 4060 936 4103 vocent
951 4051 1104 4105 sodalitates
1121 4050 1231 4115 relictis,

127 4117 241 4172 ducibus
266 4119 379 4173 Nicoluo
403 4118 563 4172 cubiuslsrio
582 4127 611 4172 et
626 4119 751 4188 magistro
791 4120 867 4173 usilio
884 4120 1093 4174 'l'lteodoroesno
1111 4118 1232 4173 urnndsto

127 4196 160 4241 ut
175 4204 250 4240 orum
266 4188 418 4242 maritimum
435 4188 609 4256 custodirent,
623 4205 710 4257 neque
726 4190 922 4242 exscensionem
939 4190 1029 4243 lucere
1045 4192 1171 4243 burburus
1184 4204 1233 4257 pu-

129 4266 265 4326 tereuter,
290 4266 373 4328 utque
395 4264 452 4310 totu
473 4256 565 4310 cluscis
586 4258 656 4328 apud
673 4258 788 4313 Pharum
805 4260 833 4312 iu
850 4258 966 4313 statione
984 4267 1063 4313 esset.
1099 4256 1127 4309 ni
1144 4256 1234 4310 litters

127 4334 160 4379 ut
181 4325 248 4380 iussi
271 4336 349 4380 erunt
368 4326 576 4392 circumeuntes,
599 4344 653 4395 quus
669 4328 800 4381 cadavere
816 4330 985 4383 burbnrorum
1004 4336 1093 4381 aestus
1110 4325 1234 4393 eiecerat,

128 4395 230 4465 ingenti
256 4398 358 4467 praede
381 4396 528 4468 coseoliis
550 4397 631 4469 potiti
653 4406 723 4452 suut.
759 4414 851 4452 uerum
881 4398 917 4455 24
945 4400 1067 4454 triremes
1090 4396 1234 4465 Romanae,
