2850 4775
356 382 651 452 mstonlannnt
677 381 971 454 commorant.
1142 383 1219 457 633

116 563 237 638 ξασθσι
255 553 308 622 tot
324 561 382 640 τῆς
395 556 513 622 ἐκείνων
528 553 690 637 εὐστομίας
707 555 760 621 καί
775 550 913 642 χιίριτος.
961 551 1135 638 ὑπισχνεῖτο
1151 553 1221 641 ott,

115 661 264 747 πρεσβεία
280 659 487 742 καταθέμενον
498 657 538 724 τὰ
554 656 634 723 ὅπλα
650 656 703 722 τίεν
718 657 881 742 Κομινηνὸν
895 657 989 725 αὐτὸν
1002 662 1058 742 μέν
1074 659 1222 744 otonem·

114 770 214 849 θῆναι
232 762 320 852 παρὰ
339 767 395 829 τοῦ
414 763 566 845 βασιλέως
586 762 637 825 καί
658 762 805 847 Καίσαρα
820 760 1056 846 Ιἀναρρηθῆναι,
1090 770 1166 830 πᾶσι
1186 762 1221 828 δέ

114 875 183 943 τοῖς
203 871 446 948 συναπαχθεῖσιν
469 865 554 954 αὐτῷ
575 863 744 948 ἀμνηστίαν
764 872 867 931 κακῶν
885 867 936 929 καί
958 863 1067 951 ι’έφεσιν
1088 872 1149 932 τῶν
1164 891 1221 931 τιε-

87 970 388 1052 5πλημμελημένιον.
439 964 482 1045 ὦς
495 969 528 1034 δέ
540 965 677 1052 λέγουσιν
693 967 793 1045 οὐδεὶς
808 969 974 1054 προσέσχεν
989 967 1102 1046 αὐτοῖς,
1127 969 1221 1034 έπανυ

116 1068 302 1149 ελθιέντεςτλθ
317 1069 360 1148 ὡς
371 1073 501 1154 βασιλέα
513 1073 564 1135 καί
578 1066 681 1157 ἑτέραν
692 1072 857 1158 πρεσβείαν
868 1069 1026 1156 είληηότες
1040 1072 1222 1155 ἐπανέρχον-

115 1201 185 1254 ται,
211 1176 265 1240 καί
276 1172 565 1258 καταλαμβάνουσιν
580 1171 740 1260 έρχόμενον
754 1175 808 1240 τὸν
822 1174 983 1258 Κυμιηνὸν
995 1177 1038 1250 είς
1055 1173 1091 1238 τὸ
1106 1176 1222 1259 χωρίον

114 1277 174 1356 τὰς
183 1273 286 1356 Ῥέας.
336 1275 446 1361 tdrjtov
462 1279 496 1342 δέ
509 1271 528 1360 ἢ
542 1280 686 1364 πρεσβεία
699 1276 944 1364 ἀναγορευθῆναι
957 1277 1013 1358 μέν
1027 1277 1081 1342 τὸν
1094 1279 1223 1360 Konop-

117 1381 171 1446 ιλιι
182 1381 314 1462 βασιλέα
328 1379 567 1462 υἷοθετηθέντο,
592 1387 668 1446 πᾶσι
687 1379 722 1445 δέ
735 1390 798 1459 τοῖς
811 1379 1123 1467 συστρατευσαμένοις
1138 1378 1222 1467 αὐτῷ
1236 1387 1262 1442 0

75 1489 332 1568 ιθβιβαιιοθῆνοι
346 1484 406 1560 τὰς
418 1483 504 1570 παρὰ
516 1489 572 1550 soti
585 1487 751 1566 Κομιηνοῦ
764 1484 856 1566 τιμὰς
871 1482 1031 1570 γράμμασι
1043 1488 1225 1566 βασιλικοῖς.

116 1586 319 1672 ἀγγελθείσης
334 1588 368 1651 δέ
381 1592 436 1670 τῆς
452 1587 484 1651 ix
499 1589 651 1669 βασιλέως
670 1583 861 1671 ὑποσχέσεως
879 1587 972 1663 αὐτὸς
992 1583 1082 1669 μένὸ
1097 1587 1225 1668 Κομνη-

114 1686 361 1767 abominante
377 1689 406 1755 σί
422 1689 480 1756 obv
494 1689 579 1780 αὐτῷ
597 1689 739 1782 ἄρχοντες
753 1687 982 1778 ἐπευφήμησαν,
1008 1691 1059 1754 καί
1075 1688 1131 1764 τὰς
1145 1684 1224 1751 ὑπο-

116 1793 236 1873 σχέσεις
258 1794 504 1881 χρυσοβουλλείῳ
527 1801 633 1880 γραφῇ
655 1800 868 1878 βιβμιωθῆνιιι
890 1795 1014 1876 ἠξίουν,
1042 1789 1136 1874 μόνος
1155 1787 1222 1856 ὁίὸ

117 1894 315 1977 Κεκαυμένος
330 1894 516 1978 ἀπηρέσκετο
537 1895 614 1978 πρὸς
631 1893 731 1961 πάντα
755 1900 805 1962 καὶ
827 1903 1003 1962 καταλιπεῖν
1022 1894 1148 1959 ένέκειτο
1170 1894 1225 1959 τὸν

78 2012 110 2063 15
119 1999 247 2082 γέροντα
269 1997 327 2080 τὴν
347 1997 507 2077 βασιλείαν
530 2000 581 2060 καὶ
605 1995 821 2083 ὑποχωρῆσαι,
853 1999 898 2082 μὴ
925 1997 999 2063 dom
1022 1997 1108 2075 ἄξιον
1130 1997 1225 2081 λέγων

117 2107 227 2162 τοῦτον
238 2099 294 2178 μέν
310 2099 373 2182 ἤδη
389 2099 618 2186 καθαιρεθέντα
636 2101 687 2162 καί
708 2101 963 2185 ἀποκηρυχθέντα
985 2099 1087 2184 ὅρκοις
1107 2121 1225 2184 ηρικιιι-

118 2194 281 2274 δεστιέτοις
297 2194 391 2273 αὖθις
405 2205 643 2284 συγχωρηθῆναι
663 2202 836 2283 βασιλεύειν
853 2199 1033 2285 Ῥωμαίων·
1058 2207 1147 2266 τοῦτο
1166 2199 1227 2284 μὰρ

118 2305 169 2367 καί
183 2309 264 2366 θεοῦ
279 2299 374 2385 ὀργὴν
384 2297 465 2383 έλεχε
481 2299 612 2379 κινήσειν
629 2305 681 2366 ded
693 2305 749 2387 τὴν
765 2306 931 2392 ἐπιορκίαν,
957 2306 1008 2368 καί
1031 2303 1103 2368 οὐδὲ
1125 2303 1229 2378 αὐτοῖς

118 2404 250 2473 έσεσθαι
268 2404 487 2491 συμφέρουσαν
505 2400 561 2485 τὴν
581 2408 642 2468 τῶν
666 2402 768 2469 ὅπλων
790 2408 972 2473 κατάθεσιν·
998 2405 1093 2484 αὐτός
1112 2431 1144 2472 τε
1166 2406 1268 2492 pcipi)

80 2510 321 2589 Ξθυῖοθετηθείς
337 2502 512 2595 φαρμάκοις
527 2508 748 2591 κατεργασθεὶς
763 2505 918 2591 οίχῆσεται
934 2515 1060 2585 θᾶττον,
1088 2510 1140 2572 καὶ
1159 2510 1231 2572 έκα-

120 2636 194 2689 στσς
207 2617 271 2677 τῶν
286 2606 527 2697 συμπραξιίνταιν
543 2607 628 2698 αὐτῷ
642 2609 686 2674 το)
702 2609 860 2695 ὀφθαλμὼ
874 2609 1097 2696 δίορυχῆοεται.
1148 2611 1232 2695 λέγε-

118 2739 173 2780 ται
190 2714 225 2780 δέ
241 2712 290 2779 ὅτι
311 2714 364 2779 καί
387 2711 418 2779 oi
436 2714 619 2801 πρεσβευταί
641 2710 985 2801 παραπρεσβεύσαντες,
1009 2712 1118 2780 ἄλλοτε
1137 2712 1232 2791 ἄλλος

191 2942 211 2995 4
227 2941 380 3007 πεπλημμ]
395 2940 532 3007 πεπλημμ.
548 2940 763 3010 naperpapot
779 2958 870 3013 margo
887 2943 909 2997 P
1014 2944 1031 2997 5
1049 2944 1193 3009 προσεῖχεν
1206 2942 1230 2995 0

184 3008 438 3081 Ι13βεβικιωθῆνοιι
452 3008 668 3081 ιουσσβοιίλλοις
685 3012 708 3065 0

118 3215 210 3288 matie
232 3232 265 3270 so
287 3214 399 3270 maxims
421 3222 619 3271 consecuturum
642 3218 777 3285 sperabat.
811 3214 894 3286 iegati
910 3214 1098 3287 promittebant
1113 3216 1228 3271 Comme·

119 3305 201 3353 nom,
227 3286 252 3338 si
275 3288 308 3340 ab
333 3284 412 3339 armis
429 3286 610 3355 discessisset,
638 3289 790 3357 adoptatum
809 3288 843 3339 ab
861 3286 1020 3354 imperatore
1038 3304 1069 3339 ac
1086 3287 1229 3340 Caesarem

119 3356 288 3423 designatum
303 3354 355 3421 ἱείς
375 3364 403 3408 et
421 3357 539 3409 omnibus
557 3356 603 3424 qni
621 3356 706 3426 ipsius
723 3355 807 3408 secuti
825 3365 915 3408 essent
931 3365 1030 3424 partes,
1048 3354 1229 3423 impunitatem

119 3424 336 3493 oblivionemqaa
353 3423 506 3478 iniuriarum
521 3426 720 3495 promittebant.
756 3425 884 3478 neminem
902 3426 991 3477 serunt
1008 3434 1070 3477 tanc
1086 3423 1120 3475 iis
1137 3441 1229 3478 assen-

120 3510 191 3547 sum.
226 3493 328 3546 reversi
346 3492 379 3545 ad
397 3492 580 3561 imperatorem
596 3512 686 3548 rursus
703 3510 761 3547 curn
781 3494 841 3546 aliis
858 3493 987 3546 mandatis
1004 3494 1157 3561 mittuntur,
1185 3496 1228 3547 in·

120 3564 266 3629 siduntque
283 3562 311 3615 in
327 3562 488 3615 Commenum
506 3562 575 3631 apud
594 3564 674 3616 Roas.
692 3563 771 3615 huius
788 3562 929 3631 legationis
945 3562 1078 3615 sententia
1095 3570 1152 3615 erat
1169 3580 1228 3616 esso

120 3632 283 3700 adoptatum
294 3632 346 3684 ism
365 3648 397 3684 ac
415 3632 558 3683 Caesarem
576 3632 736 3685 deciaratum
754 3632 932 3697 Comnonnm,
961 3639 989 3683 ot
1003 3630 1181 3698 imperatoriis
1199 3632 1232 3683 ii-

121 3700 189 3753 teris
208 3699 329 3752 omnibns
346 3702 392 3768 qai
411 3717 468 3753 cnm
486 3700 546 3769 ipso
563 3700 677 3755 inissent
694 3701 847 3770 dignitates,
866 3718 932 3770 qaas
947 3708 1036 3751 essent
1051 3700 1150 3769 adepti,
1168 3718 1233 3753 ron-

122 3769 234 3822 firmari.
272 3783 317 3820 eas
335 3768 485 3823 comnenus
503 3770 681 3837 condiciones,
699 3771 790 3838 etqui
808 3788 865 3821 cnm
884 3787 915 3821 eo
934 3776 1010 3820 orant
1026 3768 1114 3836 duces,
1133 3770 1233 3822 colian-

123 3842 229 3907 dnrnnt,
249 3852 444 3906 conquestores
465 3838 533 3891 botta
551 3840 700 3893 confirmari
717 3839 892 3923 postularunt,
918 3837 974 3889 solo
991 3838 1116 3891 Ambusto
1134 3839 1233 3908 impro-

124 3909 205 3961 bante
222 3905 320 3959 omnia.
356 3904 400 3958 bie
424 3908 493 3959 enim
519 3924 606 3959 senem
632 3910 742 3977 imperto
765 3923 873 3977 prorsns
890 3905 999 3974 spoliari
1016 3906 1138 3971 volebat3
1163 3905 1233 3959 indi-

125 3992 256 4045 gnnmqne
275 3976 334 4027 iore
350 3974 455 4027 facinus
472 3976 637 4044 affirmabat,
662 3978 703 4043 si,
728 3976 771 4028 cni
788 3975 953 4044 interpositis
971 3975 1142 4028 sanctissimis
1160 3977 1233 4028 inra-

124 4046 218 4096 montis
235 4044 375 4113 imperium
392 4046 580 4113 abrogassent,
611 4062 668 4097 oum
687 4061 777 4097 rursus
795 4044 822 4096 id
840 4061 970 4114 occuparo
987 4053 1154 4113 paterentur,
1173 4044 1232 4095 dei-

23 4136 24 4179 n
125 4128 177 4179 qno
194 4113 260 4166 iram
282 4117 315 4167 ob
335 4114 386 4167 boo
403 4113 546 4183 periurium
565 4114 692 4166 adversus
710 4114 783 4183 ipsos
800 4131 963 4167 oxarsurnm.
999 4114 1049 4165 ism
1074 4113 1100 4163 id
1125 4129 1158 4164 ox
1183 4129 1232 4167 usu

23 4184 24 4203 ί
125 4180 230 4234 minime
246 4184 322 4251 sore,
349 4185 431 4236 abab
450 4183 529 4235 armis
547 4183 696 4236 discedants
723 4200 784 4235 mox
807 4183 876 4235 enim
900 4193 928 4236 et
944 4184 1103 4235 Commenonr
1127 4198 1231 4235 voncno

124 4258 244 4301 nocitum
272 4260 298 4304 et
324 4252 406 4305 sociis
431 4252 634 4323 conspirationis
658 4251 747 4305 oculos
771 4253 895 4306 effossum
911 4252 956 4304 iri.
993 4268 1025 4301 ac
1041 4248 1171 4319 proditum
1190 4263 1230 4305 est

23 4332 24 4363 t
124 4319 275 4387 memoriae,
292 4320 368 4391 ipsos
385 4322 464 4377 etiam
478 4322 581 4392 legatos
598 4322 796 4394 praevaricatos
813 4322 911 4391 inisse,
930 4329 957 4374 et
973 4318 1050 4373 modo
1068 4318 1137 4371 banc
1152 4322 1228 4377 modo
