2850 4775
204 411 279 484 838
519 409 743 480 xsasunul
766 411 823 480 ET
848 408 984 482 (30de

288 577 348 640 tlt
368 597 398 655 p.
414 578 556 644 118us.
599 575 731 652 itiitere
752 573 847 657 ἔθνη]
868 577 906 639 de
927 575 970 638 his
991 573 1194 638 muniadam
1212 575 1314 638 Grae·

203 679 298 722 coram
309 659 454 726 Triodion
495 661 600 722 Gosa.

288 743 329 807 ib.
343 764 370 807 v.
383 745 433 810 14.
476 744 653 825 Kppusroiv]
675 745 752 824 apud
763 745 903 806 Zonaram
916 763 969 826 per
981 767 993 806 s
1004 743 1121 823 lsp'tur,
1140 746 1313 826 Kpssrzss‘v,

204 829 371 889 Crinitarnm
385 849 436 890 seu
449 830 614 892 crinitorum.
656 831 728 892 er.

289 915 561 993 s.111›.119v.2.
603 915 648 972 A.
665 917 699 971 in
722 911 795 992 Tin]
818 911 1188 992 aleximinThsoptilam.
1230 915 1314 972 Xan.

287 1005 307 1058 t.
319 998 345 1056 11
366 1019 394 1077 p.
410 1003 472 1064 122
486 1018 511 1057 v.
529 1003 576 1064 16.
619 1003 674 1060 τοῦ
688 995 884 1079 δομεστίκοο]
906 1017 965 1058 cum
977 999 1071 1078 piures
1085 999 1229 1076 iidemque
1240 999 1315 1058 sarii

203 1083 400 1161 posterioribus
421 1083 536 1142 saeeniis
553 1084 629 1165 apud
646 1085 771 1143 Graecos
784 1082 885 1141 suerint
896 1083 1039 1143 domestici
1045 1084 1138 1161 ,quis
1152 1102 1248 1144 eorum
1265 1081 1315 1142 inc

203 1166 371 1244 intelligatur
389 1167 501 1228 dubium
518 1176 570 1229 est.
613 1187 677 1226 uam
692 1169 816 1246 quamvis
833 1185 887 1225 vox
902 1165 1076 1246 δομέστικος
1090 1168 1165 1228 idem
1179 1169 1316 1228 indicarit

201 1251 343 1331 primaevo
357 1259 482 1337 tempore
494 1252 619 1330 qnod
586 1247 754 1326 οικειακός,
775 1255 811 1310 ad
827 1252 957 1311 familiam
972 1253 1108 1330 autquasi
1124 1254 1163 1312 ad
1176 1253 1313 1312 famiiism

204 1341 352 1415 spectans,
373 1338 502 1416 deinceps
517 1345 610 1397 tamen
627 1338 664 1397 ad
678 1337 884 1414 praepositum
899 1337 1006 1393 ducem
1022 1345 1051 1398 et
1065 1339 1188 1396 minaris
1204 1335 1313 1396 ordinis

201 1420 338 1497 primum
353 1419 562 1495 significandum
575 1423 730 1523 traductum
746 1424 826 1480 testis
842 1427 885 1478 est
901 1421 1018 1482 loannes
1031 1423 1101 1481 citri
1115 1423 1264 1502 episcopus
1280 1424 1313 1480 in

203 1501 273 1562 luris
291 1504 505 1564 Graecoromaai
525 1504 675 1565 volumine:
703 1499 727 1586 ἦ
747 1507 803 1568 τοῦ
824 1505 1000 1582 ὄομεστίκοο
1023 1507 1215 1586 προσηγορία
1234 1501 1312 1566 mci

203 1583 406 1660 Λατίνους
371 1609 425 1649 τον
438 1583 661 1666 ticinusve,
629 1613 681 1650 τον
696 1586 936 1670 προηγούμενον,
958 1588 1013 1652 τὸν
1029 1588 1195 1668 ἐπιστάτην
1213 1592 1313 1670 dupinio

203 1670 293 1731 hinc
286 1692 315 1731 sn
336 1673 450 1732 ecelesia
468 1673 543 1732 chori
565 1674 656 1733 dextri
675 1674 841 1733 domesticus
862 1694 894 1732 sc
916 1676 1017 1751 parites
1040 1676 1158 1750 sinistri,
1180 1695 1237 1735 nec
1252 1693 1313 1732 aon

204 1755 269 1829 atii·
290 1763 318 1816 et
338 1758 417 1833 quod
437 1757 560 1816 mititiam
580 1760 694 1832 attinet,
716 1758 896 1818 Orientalium
910 1759 1076 1830 thematum,
1096 1719 1169 1818 sicsit
1182 1767 1215 1818 et
1229 1759 1313 1816 Occi-

205 1840 372 1916 dentaiium,
392 1839 544 1900 scholarum
567 1843 631 1900 item
654 1841 816 1913 domestici,
839 1860 872 1898 ac
894 1843 1008 1900 taudem
1024 1861 1170 1918 supremus
1187 1844 1314 1902 omniun

203 1923 296 2004 pipam
315 1921 505 2002 ὃομὲστικος,
527 1928 602 2006 apud
614 1927 755 1985 Codinunr
769 1928 805 1984 de
822 1924 904 1984 offic.
919 1927 985 1984 Cur.
998 1925 1097 1986 come
1111 1945 1135 1986 s.
1152 1927 1171 1988 1
1188 1935 1220 1986 et
1231 1945 1313 2004 seqq.

204 2010 245 2068 ad
270 2010 452 2087 propositam.
494 2029 546 2087 pro
566 2011 747 2070 Orientaiium
769 2009 1024 2070 Occidentaiinmve
1047 2010 1202 2070 thematum
1228 2030 1313 2090 prae-

203 2093 281 2154 iecto
299 2093 476 2170 inpracticon
497 2111 592 2153 vocem
606 2094 636 2150 iu
651 2096 791 2170 praesenti
806 2095 842 2150 ab
857 2101 970 2151 asrctore
983 2102 1143 2170 usurpatam
1160 2113 1221 2152 uon
1236 2114 1313 2154 asse·

203 2184 263 2252 ret,
285 2178 333 2254 qni
355 2176 462 2248 scholas
482 2179 623 2237 universas
643 2196 705 2236 mm
725 2178 804 2235 unico
821 2175 876 2234 isos
888 2176 1040 2236 domestico
1057 2177 1086 2235 in
1101 2178 1234 2237 conflictu
1252 2197 1314 2238 ω·

205 2263 275 2322 sisse
290 2263 483 2324 observaverit
526 2262 691 2342 exponenda
703 2263 798 2340 itaque
811 2259 855 2322 sei
867 2261 904 2322 de
917 2279 1019 2338 magno
1033 2262 1203 2337 domestico,
1224 2265 1313 2322 totius

205 2348 340 2410 exercitus
357 2349 408 2407 snb
426 2350 592 2428 imperatore
606 2348 691 2423 duce,
712 2347 758 2408 vel
778 2349 814 2408 de
835 2345 955 2407 sotorum
973 2347 1210 2425 praetorianansm
1228 2347 1312 2409 ssio-

205 2430 293 2491 iarnm
320 2435 476 2511 praesecto,
505 2430 679 2513 ὃομέοτεκος
702 2436 766 2493 τοῖν
790 2434 905 2511 σχολῶν
927 2450 1013 2511 penes
1036 2432 1177 2492 Codiaum
1201 2440 1313 2507 rosato,

206 2517 300 2591 euius,
321 2522 353 2575 nt
367 2518 466 2578 asserit
477 2521 539 2597 ipse
552 2539 577 2578 e.
591 2520 611 2583 5
627 2537 654 2577 n.
665 2515 724 2589 42,
745 2535 797 2595 par
808 2518 895 2576 ferme
907 2518 996 2577 iuerat
1009 2534 1042 2575 sc
1053 2517 1151 2593 magni
1162 2518 1313 2578 domestici

206 2608 350 2679 potestas,
371 2620 432 2662 cnm
442 2602 487 2661 hic
499 2605 551 2663 toti
563 2602 693 2663 exercitui
705 2603 872 2681 imperaret,
893 2600 939 2661 iiie
949 2600 1090 2661 nomam
1104 2602 1193 2661 soimn
1207 2603 1314 2663 sateili·

205 2691 266 2744 tum
281 2686 389 2746 sehoias
403 2689 532 2761 duceret,
558 2681 758 2767 φοιδερᾶτοος
773 2694 882 2760 antem,
909 2694 1018 2745 exteros
1036 2686 1164 2745 nimirum
1182 2686 1250 2745 belii
1267 2704 1314 2745 so·

207 2771 281 2843 sios,
301 2790 393 2831 comes
411 2774 634 2843 foederatorum,
654 2770 744 2848 qualis
763 2770 809 2827 hic
829 2772 976 2830 Persarum
992 2772 1090 2831 ductor
1106 2768 1315 2848 Theophobns,

206 2855 261 2913 sub
284 2872 334 2912 sua
356 2856 554 2932 dispositione,
577 2863 606 2915 ut
626 2874 687 2915 eum
706 2854 813 2933 imperii
830 2852 936 2915 Notitia
950 2854 1062 2932 loquar,
1084 2861 1203 2913 teneret.
1247 2855 1315 2913 vide

205 2937 279 2997 inira
294 2938 480 3017 Theophiium
486 2941 661 3016 stradarniae
675 2939 776 2999 Persas
792 2957 943 3015 eorumque
956 2942 1069 3013 agmina
1083 2937 1220 2996 Romanis
1234 2938 1315 2997 duci·

206 3020 259 3079 bus
277 3026 431 3098 suspicione
448 3028 478 3083 in
494 3025 699 3102 Theoplmbum
714 3030 797 3081 enata
814 3024 1013 3081 subicientem.
1057 3020 1161 3079 Goaa.

293 3106 347 3164 tii
362 3108 459 3182 p.128
471 3126 496 3164 v.
506 3112 533 3170 3.
578 3104 715 3187 χορδαῖς]
737 3107 857 3164 minores
871 3104 988 3163 citharas
1001 3104 1063 3163 sinu
1072 3105 1185 3182 quidem
1197 3108 1313 3184 aigun,

208 3205 304 3249 verum
319 3196 452 3267 protenso
468 3191 628 3264 manubrio,
651 3188 732 3248 simui
753 3189 842 3247 tribus
861 3193 913 3247 aut
934 3189 1058 3267 quinque
1077 3189 1189 3249 chordis
1207 3192 1316 3251 instru-

209 3279 284 3346 ctm,
306 3290 436 3352 asperum
459 3283 489 3334 et
510 3294 528 3333 a
550 3274 663 3335 militari
683 3290 740 3333 non
760 3272 878 3333 alienum
897 3276 1059 3334 emittentes
1073 3292 1189 3345 sonum,
1213 3276 1314 3351 quales

208 3360 360 3417 etiamnum
381 3359 482 3434 hodie,
504 3360 599 3420 forsan
620 3380 638 3419 a
660 3359 778 3417 Graccis
797 3358 863 3417 oiim
879 3366 1026 3458 acceptas,
1048 3358 1075 3413 in
1092 3360 1189 3416 castris
1203 3362 1313 3421 aniam

208 3438 382 3501 sxhdaraturi
398 3442 508 3502 Tuscae
524 3444 690 3522 petasum
673 3466 708 3503 ο
709 3437 785 3522 ρόάς
801 3443 846 3501 hic
861 3444 952 3501 soceri
968 3440 1102 3499 existimo.
1143 3442 1248 3504 Gon.

292 3526 405 3605 sup
423 3526 523 3590 iiiv-
540 3533 587 3591 10.
629 3468 786 3608 puioyyoe
800 3520 944 3605 αόχηγὸς]
966 3523 1146 3586 aliommine
1161 3522 1316 3609 rouppn'p·

209 3629 280 3688 χης,
306 3610 344 3669 de
366 3630 421 3687 quo
446 3612 592 3685 Rigaltius.
635 3615 688 3670 troc
706 3618 799 3671 autem
817 3610 859 3672 42
876 3616 1025 3685 martyrum
1041 3627 1143 3687 agmen
1160 3630 1196 3673 ex
1212 3614 1315 3673 asne

209 3696 263 3752 niis
283 3699 351 3751 erat.
394 3694 498 3757 Gonu.

294 3786 313 3835 t.
327 3778 353 3836 ii
373 3798 402 3856 p.
419 3781 476 3841 127
495 3798 520 3835 v.
534 3776 565 3841 4.
610 3769 717 3855 σορόν]
740 3776 863 3854 quamvis
876 3778 958 3839 etism
973 3798 1026 3858 pro
1042 3775 1167 3859 στρατόν
1181 3786 1315 3859 ponatur,

210 3864 386 3921 tamenids
359 3882 415 3921 nou
430 3864 557 3940 quadrat
600 3869 629 3922 et
642 3857 771 3961 σταυρόν
784 3862 848 3941 tegi.
889 3866 939 3924 sed
954 3865 1022 3942 quid
1035 3868 1117 3925 moris
1130 3868 1159 3925 in
1172 3864 1313 3939 eoinmit,

208 3949 332 4006 nondum
356 3950 448 4007 didici
476 3948 550 4005 Xan.
602 3939 747 4026 σταυρόν]
769 3968 887 4007 emacem
912 3949 940 4004 ei
963 3950 1067 4019 mittit,
1094 3951 1134 4011 ait
1158 3948 1313 4024 Xylander.

211 4037 337 4106 atquem
351 4030 481 4092 crucemi
500 4052 558 4111 que
571 4030 649 4091 isaei
670 4039 752 4093 tacet
794 4035 952 4109 mysterium
969 4036 1077 4110 evuigo.
1120 4031 1204 4091 literis
1218 4051 1314 4093 secre-

210 4116 284 4173 tiora
301 4115 484 4175 revelantibus
500 4136 534 4176 ae
550 4118 710 4195 pollicita'
688 4137 746 4175 sive
762 4124 841 4194 pasta
858 4116 956 4177 addito
970 4120 1124 4177 iuramento
1140 4116 1313 4177 firmantibus

212 4198 339 4259 sotebant
352 4202 491 4274 quondam
503 4203 532 4258 in
545 4204 707 4260 sacramenti
720 4202 904 4262 testimonium
916 4222 1023 4263 mucem
1037 4200 1198 4281 praefigere.
1237 4202 1315 4261 Pon·

213 4290 296 4341 tanus
311 4304 345 4343 ex
356 4282 491 4342 Phranzis
505 4286 613 4343 Graeco
626 4292 718 4345 textu:
741 4296 866 4345 vocetur
877 4290 909 4345 iss
923 4296 1112 4363 conspectum
1125 4288 1315 4364 inperatoris

217 4366 382 4444 (politam)
404 4370 458 4447 qsss'
471 4388 586 4428 nuscum
600 4391 635 4427 cx
648 4369 750 4430 Iberia
760 4370 880 4450 legatus
890 4374 1064 4433 advenerat.
1110 4384 1139 4429 st
1152 4374 1315 4451 maperusor
