2850 4775
474 404 809 478 nmorsmonns
1111 407 1186 481 τοι
1257 384 1260 387 ’

88 568 306 717 2Corintisxn·
345 590 415 653 qnos
435 570 509 633 iooos
529 570 653 633 eonintiit
672 564 861 653 ἇμορτήμοτν
881 575 1055 659 μνημονινρῑ
1072 573 1190 655 scriptor

89 664 208 719 nomer.
275 676 327 719 rr..

187 760 218 821 p.
230 744 274 806 82
287 760 311 801 v.
326 742 356 804 9.
396 738 469 801 derso
487 738 584 819 nrum]
605 738 749 819 Sophoclis
762 758 858 799 versas
870 737 901 799 in
912 746 1008 800 nostro
1024 744 1118 805 eodioe
1130 750 1190 803 tor·

92 826 176 904 piter
196 825 335 885 mutitator
353 827 476 903 integros
494 825 588 901 legent
608 827 655 901 qai
674 824 767 885 volent
785 824 868 902 (qais
880 830 972 883 antem
985 842 1067 885 sanos
1080 826 1190 904 politi)

93 910 180 990 apud
194 908 328 969 lustinum
343 910 492 988 Martyron
511 906 581 986 περὶ
602 910 778 989 μοναρχίας,
801 927 858 987 qno
871 916 966 967 noster
980 907 1091 983 aiiodit,
1111 913 1192 972 item-

94 1013 158 1072 que
172 994 203 1051 in
214 994 406 1068 Parnenetioo,
421 999 452 1053 et
464 994 540 1071 apud
553 992 724 1055 Clementem
736 996 940 1074 προτρεπτννοῖ
950 1012 984 1052 ae
994 990 1012 1055 l.
1024 994 1044 1059 5
1058 997 1192 1056 stromat.

94 1077 215 1138 rnntiins
231 1083 321 1138 estet
336 1078 562 1156 sequensloons,
582 1079 658 1154 qnod
678 1080 808 1138 mterisoo
829 1079 956 1157 apposito
980 1081 1082 1138 monui.
1128 1078 1192 1139 lan-

96 1181 153 1223 nes
177 1167 209 1222 et
229 1160 351 1223 lambres
371 1164 471 1237 (vetus
484 1164 617 1240 interpres
628 1160 697 1239 legit
709 1162 864 1236 Mambrer,
884 1160 1042 1225 seimon.
1057 1164 1098 1240 3)
1117 1163 1193 1241 magi

94 1244 257 1307 Pharaonis
277 1248 360 1307 etiam
379 1263 398 1306 a
416 1246 445 1305 b.
461 1241 616 1325 Augustino
642 1247 789 1323 dicontur,
816 1243 933 1327 epistota
951 1246 1013 1311 119
1035 1248 1074 1307 ad
1093 1246 1193 1309 lanua·

95 1331 184 1391 rima
224 1330 303 1389 xus·

97 1412 396 1557 10091οέ101
411 1409 1193 1579 ttss.t:.‘izt”d.“?.ssf“ittiitt‘.itttssi

99 1600 166 1641 enm
178 1600 213 1641 ea
224 1582 323 1654 suerit,
338 1582 392 1640 nisi
404 1582 474 1640 iorte
486 1602 571 1661 parva
583 1584 701 1645 Genesis
713 1584 815 1665 aliquid
825 1585 917 1645 habet.
956 1588 1104 1663 θροῦσιν,
1119 1602 1192 1660 qnae

100 1684 156 1725 eos
179 1673 321 1744 rupturam
344 1674 393 1723 aut
416 1669 649 1729 comminutionem
670 1671 761 1748 potins
781 1676 811 1730 et
830 1669 1021 1729 contritionem
1044 1668 1191 1744 significat,

99 1758 503 1899 tttfflti’rtttti‘t.
514 1750 648 1899 diiii.
661 1752 801 1915 itti
808 1752 1193 1913 titiiititffl'!

101 1923 149 1975 tnr
169 1920 199 1977 in
218 1918 406 1999 Complntensi
428 1919 560 2001 Νοβονῖ,
580 1920 696 1997 Nabou,
716 1921 803 1982 Dent.
823 1925 865 1986 82
885 1928 914 1983 et
932 1919 990 1997 34,
1023 1922 1054 1981 in
1075 1918 1191 1982 Ebraioo

101 1998 195 2066 neno.
235 2004 298 2063 ideo
314 2005 344 2063 in
359 2005 483 2082 margine
501 2006 613 2086 Νοβοῧ
626 2007 765 2109 annotari.
805 2004 885 2105 er.
1167 2085 1175 2101 ·

103 2102 217 2225 omui·
231 2088 275 2226 ii
288 2090 1193 2252 tim}³..2¹ittt.t1t.⁶3i⁰”iotizt⁰niati

102 2252 190 2312 fretus
200 2268 305 2331 repono
317 2249 366 2313 ἐπὶ
380 2246 497 2331 Θαβοίρ.
537 2254 617 2317 Xan.
752 2294 755 2300 -

187 2356 219 2416 p.
234 2334 296 2399 1oe
307 2354 334 2396 v.
347 2336 397 2401 12.
433 2346 556 2414 postam
577 2334 773 2417 hordeacam]
801 2336 913 2419 propitior
931 2336 1089 2417 κριθίνην,
1116 2340 1193 2420 qnod

104 2421 172 2499 qnid
184 2423 236 2494 sit,
250 2439 307 2482 non
319 2423 476 2500 pronuntio.
518 2440 585 2482 sane
597 2442 687 2500 neque
699 2441 719 2482 a
731 2423 839 2484 Graeoo
849 2441 941 2499 neque
952 2423 987 2482 ab
1001 2426 1063 2502 ipso
1074 2423 1193 2484 Ebraioo

104 2499 164 2565 nni
185 2495 258 2565 'sris
279 2518 395 2566 nineven
414 2504 508 2586 procul
525 2514 594 2584 poto
611 2508 708 2566 abesse
727 2526 815 2567 meam
830 2509 1094 2585 interpretationem.
1136 2508 1196 2566 Zo-

104 2606 186 2648 naras
200 2591 284 2660 habet
296 2590 393 2666 μᾶζαν
407 2591 562 2666 κριθίνην.
604 2587 734 2667 Iosephus
748 2590 828 2647 addit
838 2582 894 2648 ὕπ’
909 2585 1056 2661 εὐτελείας
1070 2584 1193 2668 οἷνθροί·

105 2693 175 2744 ποις
189 2667 342 2752 ἄβρωτον,
361 2688 433 2746 quae
454 2671 490 2730 ob
513 2671 648 2731 vilitatem
667 2671 704 2730 ab
728 2671 884 2730 hominibus
901 2691 952 2749 pro
971 2674 1031 2731 cibo
1046 2691 1102 2731 non
1116 2693 1195 2732 mor.

105 2761 233 2836 paretur,
254 2753 308 2819 l.5
326 2756 394 2818 a&
419 2773 517 2834 ¹porro
537 2755 585 2831 qui
603 2756 725 2832 sequitur
740 2756 951 2815 Maelianitarnm
969 2775 1110 2831 numeros,
1131 2777 1194 2818 euro

105 2841 229 2920 expressi
243 2844 273 2897 ut
285 2837 410 2918 repperi,
430 2839 564 2903 312000.
608 2859 702 2900 verum
719 2841 743 2899 is
757 2859 865 2900 omnem
881 2860 937 2900 non
951 2842 1034 2900 fidem
1047 2843 1132 2900 modo
1143 2835 1195 2902 sed

106 2931 135 2984 et
150 2925 294 2986 veritatem
312 2923 436 2984 excedit:
456 2925 522 3003 quin
534 2927 589 2985 imo
600 2926 706 2985 etiamsi
720 2944 772 3005 pro
785 2926 951 3005 myriadibus
965 2925 1093 2987 chiliades
1108 2927 1196 3005 legas,

106 3017 139 3068 nt
157 3010 195 3068 sit
213 3011 353 3084 312000,
373 3015 466 3068 tamen
479 3009 596 3089 amplior
608 3012 680 3069 iusto
694 3011 780 3070 videri
791 3012 889 3091 possit.
929 3011 959 3069 in
974 3010 1106 3090 seriptora
1119 3030 1197 3072 sama

106 3095 239 3152 exereitus
254 3110 311 3151 non
326 3099 500 3167 numeratur,
521 3095 633 3152 tametsi
647 3096 793 3155 maximum
808 3097 890 3154 fnisse
904 3093 1066 3154 ioeustarom
1083 3115 1196 3175 eompa-

107 3177 177 3234 mtio
188 3175 303 3235 indicat.
345 3175 476 3254 Iosephus
489 3178 599 3254 quidem
608 3187 702 3240 anotor
714 3187 759 3240 est
771 3179 931 3258 oonrbnisse
942 3181 971 3240 in
982 3200 1077 3260 pugna
1086 3181 1195 3260 Medito-

107 3260 225 3320 niteram
243 3259 302 3322 120
314 3258 396 3318 milia.
436 3261 513 3320 Xrn.
846 3276 850 3283 ’

189 3364 221 3424 p.
236 3344 298 3407 101
312 3346 384 3406 ai·
423 3343 602 3423 Epinodqaid
616 3343 657 3404 rei
670 3345 707 3403 sit
721 3351 750 3410 et
762 3353 1067 3424 qoemnsomspeetet‚
1087 3345 1132 3406 hie
1144 3366 1193 3408 en-

107 3429 207 3510 piieare
222 3429 336 3504 omitto,
357 3447 419 3488 oum
439 3429 474 3488 iis
492 3430 540 3507 qui
560 3447 652 3489 saetas
674 3427 767 3488 literas
787 3429 934 3506 diligenter
948 3429 1075 3506 iegemot
1087 3449 1144 3491 non
1157 3433 1195 3492 sit

106 3517 268 3588 obscurum,
288 3521 318 3572 et
332 3531 389 3573 non
404 3513 490 3574 mnito
505 3521 571 3593 poet
584 3515 614 3573 in
630 3512 739 3574 menae
753 3513 867 3573 historia
882 3531 978 3573 vocem
993 3514 1138 3576 cedrenus
1151 3523 1196 3576 nt·

107 3619 215 3678 conque
232 3600 438 3674 interpretetur.
478 3607 543 3678 post
559 3598 687 3678 Orpheus
704 3606 819 3659 voeatar
835 3598 982 3674 Bryosins,
1001 3599 1066 3659 mihi
1083 3620 1196 3680 prorsas

107 3687 202 3762 ignota
213 3679 416 3762 appeliatione;
435 3700 520 3760 qnam
533 3689 627 3743 menen
639 3691 746 3744 matare
760 3702 818 3743 non
829 3682 922 3745 debai.
964 3690 994 3744 et
1006 3703 1099 3744 versos
1111 3685 1196 3744 iem-

109 3771 186 3829 metri
201 3769 251 3846 qui
265 3783 299 3827 ex
313 3785 348 3826 eo
364 3767 483 3828 citantur
497 3767 685 3830 miserabiliter
701 3777 768 3830 sant
782 3768 904 3843 ooninsi,
924 3787 1014 3847 neque
1029 3769 1141 3830 dissieiie
1152 3777 1197 3831 est

108 3873 223 3931 Imm
238 3853 487 4012 mieiicoiibesriipiotie
499 3929 547 3996 οῖ’
559 3929 721 4016 ἑκατηβόλε
735 3937 829 4016 Φοῖβε
842 3933 972 4015 mussi.

109 4027 170 4096 post
181 4039 199 4080 a
210 4019 374 4100 πανδερκές
385 4021 491 4097 integer
503 4021 607 4100 incipit.
633 4023 700 4082 item
711 4023 748 4082 ab
759 4016 838 4100 ἥλιε,
855 4023 879 4080 si
889 4021 1069 4102 χροοείοισιν
1083 4024 1199 4082 scribas.

110 4109 152 4162 est
173 4111 201 4162 et
222 4113 338 4166 metrum
357 4125 376 4166 a
396 4098 567 4182 δωδεκάτην
586 4113 725 4184 uteunque
745 4114 891 4178 oonstans,
911 4115 941 4168 et
959 4108 1003 4166 eoi
1022 4108 1142 4185 proclive
1161 4109 1198 4167 sit

111 4205 270 4249 arooorrere.
312 4199 478 4269 postremum
496 4193 549 4252 erit
561 4193 619 4252 σοῦ
633 4189 798 4271 φομὲνοιο,
814 4187 847 4253 οὲ
860 4185 901 4265 δ’,
916 4197 969 4252 ete.
990 4211 1082 4252 verum
1093 4189 1198 4269 reiiqna

111 4271 248 4346 languent.
288 4294 360 4350 quae
372 4295 406 4334 ex
417 4277 528 4353 ingenio
542 4276 688 4336 emendare
699 4274 769 4336 velie
779 4294 836 4358 non
849 4278 991 4337 videbator
1004 4276 1197 4354 inpraesentia

111 4357 290 4418 commodum.
330 4368 440 4420 exstant
458 4379 527 4422 sane
545 4359 631 4423 molta
644 4361 707 4424 hiare
717 4359 785 4425 inde
797 4362 874 4446 apro
884 4361 1056 4425 Clementem
1066 4359 1196 4424 iastirrom
