2850 4775
218 383 295 458 078
522 382 747 455 xrnrnnffl
770 383 826 454 ΕΤ
851 383 984 455 eorm

302 547 362 612 tii
380 567 412 630 p.
423 547 487 615 637
501 566 529 610 ν.
542 553 575 617 7.
616 547 839 631 stauropoleos]
860 553 937 615 unde
956 554 982 616 oi
1003 551 1056 614 iroc
1076 554 1198 614 nominis
1220 556 1314 632 tuerit,

216 655 274 698 non
286 653 428 712 assequor.
458 639 539 695 soust
549 637 629 713 qussi
640 638 729 697 crocis
743 635 970 702 concuiestoron.
1000 639 1052 698 sed
1063 657 1100 698 an
1115 640 1217 719 impius
1230 642 1313 703 crium

215 721 324 782 habitus
339 719 383 778 hic
395 719 441 792 sit,
461 737 520 780 uon
531 727 640 781 constat
652 721 728 784 mihi.
748 722 826 783 Xru.
868 724 958 784 verbis
970 723 1052 784 iidem
1065 723 1176 800 publice
1188 725 1312 785 ssctnrus

213 801 251 869 sui
271 805 354 884 eipso
373 794 463 879 tit«,
484 824 601 864 queem
621 805 837 878 srmaandam,
857 808 966 886 tangit,
987 808 1115 886 privatim
1132 828 1244 869 crucem
1261 811 1313 867 nii·

214 908 298 969 quum
321 892 459 963 ostentat,
478 889 523 951 vei
542 891 706 951 ususuecsis
726 891 862 952 indicibus
881 911 944 953 esur
963 892 1106 966 efformet,
1126 900 1158 952 et
1178 913 1232 970 per
1248 913 1312 954 eum

214 975 306 1035 iurans
326 972 506 1034 exosculatur.
546 975 654 1053 scriptis
667 994 781 1054 quoquc
792 976 935 1056 quidpiam
949 976 1060 1036 firmans
1073 975 1117 1034 vei
1130 976 1312 1056 poiiicitums,

213 1060 243 1119 iu
265 1056 376 1118 cirsrtoe
396 1059 515 1136 uertice,
535 1078 588 1120 cen
603 1060 766 1120 acumenti
782 1061 953 1136 symbolum,
972 1079 1034 1120 carn
1046 1062 1179 1140 apponit,
1200 1063 1312 1138 dequo

212 1144 244 1203 iu
259 1141 457 1221 superioribus.
497 1143 561 1204 hinc
571 1146 713 1221 poturus
728 1145 835 1222 quivis,
855 1145 939 1206 fidem
952 1151 1066 1206 exarata
1078 1143 1124 1206 vei
1138 1145 1216 1204 facte
1230 1165 1312 1206 unce

213 1229 413 1308 oppignorans,
432 1245 488 1287 non
502 1229 584 1290 fidem
597 1231 648 1288 scd
661 1248 779 1287 crucem
789 1229 981 1307 proculcare,
996 1237 1130 1303 tmrnerr,
1146 1249 1314 1310 conspuere,

214 1331 265 1374 ocu
287 1305 493 1394 osuupouuirqg
513 1319 652 1375 censetur.
692 1311 754 1374 Leo
775 1313 991 1377 Grsmnraticus:
1011 1309 1220 1396 ifoodiruses
1240 1311 1315 1388 τούς

214 1389 376 1477 ἐπιόρκους
389 1393 441 1458 sui
454 1393 670 1477 occupouuicuc·
711 1399 814 1460 Gonu.

296 1477 338 1538 ib.
363 1497 392 1539 v.
416 1481 464 1545 10.
505 1474 695 1562 ἆνασκαφείη
726 1475 818 1561 o’orri]
855 1501 941 1564 sseps
968 1484 1037 1546 alius
1058 1481 1128 1544 hec
1146 1480 1313 1563 imprccutIo

212 1569 347 1644 usurpetur
365 1568 412 1625 cst-
427 1564 464 1627 ds
482 1566 605 1631 mortuis.
647 1568 750 1627 viventi
764 1570 837 1628 eninr
851 1570 900 1647 qui
911 1569 1082 1629 refodiuntur
1092 1565 1179 1628 ossei
1199 1568 1253 1628 seri
1268 1567 1315 1626 ni·

213 1650 311 1711 urimur
331 1649 439 1710 abierut
459 1649 489 1711 in
508 1671 588 1712 usum
609 1653 664 1712 ists
682 1653 864 1733 imprecatio,
883 1657 915 1712 ut
930 1653 967 1716 de
981 1653 1051 1713 uiuis
1066 1671 1179 1731 quoqne
1193 1670 1315 1730 nunqn-

213 1741 306 1808 retur3
339 1752 397 1812 qno
418 1735 502 1795 nodo
524 1737 594 1796 fatui
614 1742 755 1797 nostrates
776 1737 854 1797 multi
873 1738 1041 1799 sennenn
1064 1743 1093 1798 ct
1116 1738 1313 1809 instrumenta,

211 1817 267 1879 alis
289 1837 321 1878 re
341 1836 399 1879 non
419 1821 600 1896 succedente,
621 1827 671 1881 sut
687 1819 754 1881 iussi
774 1828 914 1900 utcunque
931 1823 998 1880 diuis
1015 1823 1156 1882 devovent
1174 1821 1314 1900 impress-

212 1903 351 1976 tiouibus,
370 1921 444 1978 quse
455 1907 485 1964 in
498 1923 533 1964 es
542 1924 601 1965 non
610 1904 700 1981 magis
711 1910 888 1988 competunt,
908 1923 991 1986 qusm
1005 1910 1156 1987 pauperos
1171 1905 1202 1965 in
1214 1923 1314 1966 saxum

211 1992 262 2048 sut
279 1987 599 2052 enumeraremus.
639 1990 719 2050 qu.

295 2071 357 2132 cti
376 2091 406 2152 p.
420 2074 483 2138 638
500 2092 528 2135 ν.
540 2077 591 2139 20.
632 2067 670 2136 eui
689 2067 882 2154 Ὲξκοῦβιτα]
904 2071 1004 2134 lucrm
1023 2083 1052 2132 st
1070 2074 1232 2132 nehem
1246 2089 1312 2150 po-

209 2154 281 2214 letii
302 2155 515 2216 excubitorum.
558 2158 685 2218 Codinns
705 2160 742 2220 de
763 2159 845 2238 Orig.
864 2159 930 2220 CP:
951 2153 1093 2222 [κτκιτᾶ
1106 2151 1242 2220 nutrires
1254 2159 1312 2234 τῆς

211 2243 336 2319 Χαλκῆς
347 2239 400 2302 sui
413 2246 475 2303 sois
488 2236 698 2322 Ἐξκουβίτων.
741 2243 806 2302 aiibi
826 2252 918 2304 tumen
934 2244 1009 2344 ipsas
1025 2241 1166 2301 excubiae
1182 2243 1240 2302 cosi
1251 2261 1312 2300 ssu·

208 2325 332 2397 iusiou,
350 2318 408 2404 τήν
428 2325 574 2387 uetustos
592 2322 818 2407 nupcpviusq'u
838 2325 890 2389 sui
910 2349 1007 2409 ταγμα
1021 2330 1084 2387 τοῖν
1095 2319 1309 2402 Ἐξκουβίτιν,

207 2416 240 2469 ut
259 2409 359 2471 Ituffus
378 2415 409 2470 et
428 2411 627 2471 constsntiuus
644 2411 785 2484 scribom,
805 2410 956 2488 significan
977 2411 1016 2471 ds
1028 2428 1085 2489 quo
1096 2408 1173 2469 nuile
1186 2407 1309 2469 difficui·

207 2500 261 2555 tus
302 2493 405 2557 Gora.

291 2576 360 2637 tlt
386 2598 415 2656 p·
434 2576 497 2643 659
517 2597 545 2638 v.
565 2577 614 2643 16.
653 2569 851 2658 Ἅπίπασχα]
881 2576 1173 2656 oppositnsl'asdrsc
1195 2576 1311 2637 disset

206 2667 321 2723 octavus
343 2660 511 2742 Antipssehs
534 2668 595 2739 cst,
621 2662 670 2740 qui
694 2654 826 2744 supremi
850 2664 907 2725 sori
927 2662 1038 2741 Θωμᾶ,
1067 2679 1086 2720 a
1116 2662 1192 2721 iecto
1221 2679 1309 2721 cusu-

206 2747 298 2823 geiio,
318 2743 399 2807 uobis
417 2747 555 2809 dominica
573 2746 605 2807 iu
620 2745 708 2808 sun.
748 2744 771 2827 ἡ
789 2746 873 2830 spirq
891 2746 940 2825 qui
955 2747 1097 2825 sequitur,
1117 2746 1220 2806 nuru
1234 2746 1307 2807 diu.

206 2830 310 2891 Gom.

288 2910 355 2974 ΗῙ
373 2931 405 2992 1>-
425 2910 486 2979 641
511 2932 539 2974 v.
558 2913 610 2976 21.
661 2906 838 2993 mundum]
865 2912 1035 2991 superioren
1055 2915 1106 2973 snt
1129 2928 1215 2991 supro
1234 2909 1306 2971 hscc

205 3014 261 3059 vox
281 2997 432 3075 significan
451 3003 624 3077 apparetque
642 3016 705 3059 eum
725 2997 805 3058 uiicui
823 2997 865 3057 rei
883 3003 932 3057 aut
951 2998 1107 3076 provincius
1121 2996 1207 3057 inisse
1221 3014 1306 3075 prse-

204 3084 316 3144 i'ccturn.
356 3082 407 3141 ssd
428 3082 496 3159 qnid
515 3082 616 3159 inerit,
634 3082 665 3143 in
685 3084 806 3143 obscuro
827 3087 879 3143 cst.
921 3088 952 3140 ut
972 3086 1002 3141 ct
1020 3079 1200 3158 Argoriincs,
1220 3078 1306 3157 quis

206 3170 245 3229 sit
266 3164 352 3228 officii
371 3184 475 3243 genosr
494 3167 586 3227 eibum
604 3166 706 3229 tectum
726 3168 756 3228 in
774 3184 843 3227 uoce
862 3165 991 3239 invenio,
1009 3165 1060 3225 sed
1076 3183 1134 3225 reus
1151 3184 1209 3223 uon
1226 3183 1306 3225 asse·

205 3270 286 3330 quor.
326 3251 395 3328 quid
417 3251 441 3310 si
462 3252 516 3312 fuit
535 3253 693 3331 quoddam,
713 3260 744 3311 ut
762 3270 892 3323 aureum,
912 3252 954 3310 its
968 3256 1130 3327 argentoun
1146 3248 1303 3321 triciinium,

206 3336 283 3395 cuius
301 3334 348 3396 iiic
365 3340 475 3394 cnrutor
493 3338 592 3411 suerit,
613 3330 856 3419 uipyupoaiivqe?
875 3336 955 3394 ΧΠ..
1009 3334 1063 3394 tori
1082 3332 1224 3406 minister,
1243 3335 1304 3393 sinc

204 3419 310 3478 tsrdins
329 3420 357 3478 io
376 3420 447 3480 tecto
462 3420 622 3481 decubitum
636 3422 752 3502 principi
765 3421 922 3481 ministrans
936 3418 1120 3494 adductisque
1132 3424 1161 3477 ct
1173 3418 1303 3496 upsm‘u

204 3504 418 3581 circumquaque
438 3507 517 3565 streti
536 3507 648 3565 cortinis
669 3526 731 3567 sum
751 3504 899 3581 obveisns,
928 3496 1109 3585 u’pyosiirqc
1127 3508 1189 3578 cst,
1217 3494 1302 3583 περὶ

204 3590 263 3651 sori
279 3579 382 3668 ripyeis
396 3582 478 3669 uipoi
491 3584 548 3670 τήν
560 3589 676 3669 κλίνην.
719 3590 823 3649 Gora.

288 3672 357 3731 tll
376 3692 407 3751 p.
425 3672 489 3738 642
510 3693 538 3739 r.
557 3678 588 3740 8·
630 3670 775 3752 discursis
793 3664 961 3749 Ἑλλήνων]
981 3671 1029 3748 qui
1049 3668 1113 3731 lites
1130 3672 1205 3729 ortss
1226 3667 1301 3729 inter

203 3754 359 3816 Saracems
377 3756 500 3834 utiusque
517 3758 745 3839 septentrionale
753 3754 884 3825 ,infideles
894 3764 970 3814 ortus
983 3754 1132 3827 indiceret,
1148 3751 1232 3812 eree
1244 3750 1300 3811 idis

202 3841 497 3918 sxseqnocthsno
519 3845 695 3918 decerneret,
727 3840 1129 3901 inhocsiudiceosstrensi
1152 3836 1301 3911 dinstuq

200 3925 279 4003 quod
293 3924 338 3985 hic
351 3924 514 3985 Christianis
528 3927 687 4006 imperatori
698 3926 898 4000 militantibus,
918 3925 963 3986 iiis
976 3926 1079 3985 cunctis
1093 3941 1111 3981 s
1124 3920 1228 3981 Christi
1241 3920 1301 3983 tisis

201 4010 298 4069 alienis
322 4010 365 4069 ius
389 4010 502 4073 diceret.
545 4018 642 4071 unctor
664 4028 749 4072 nuum
768 4016 920 4085 memorat,
940 4009 1023 4069 siium
1037 4005 1175 4081 Godiuns,
1194 4023 1301 4087 nempe

202 4095 1033 4263 imiifiiii'ffu'iiiiiiiiffiniiiiffi
1046 4090 1301 4253 diffamas

202 4260 334 4335 ridicule,
354 4270 385 4321 ct
404 4270 436 4323 ut
454 4262 544 4341 tuber,
565 4284 600 4326 cs
619 4268 713 4346 cupite
727 4266 780 4326 sibi
796 4265 997 4342 fingitiunovu
1008 4260 1099 4319 Romu
1108 4260 1299 4338 presbyterae

203 4346 325 4405 sanctius
343 4346 438 4425 tuque
455 4358 486 4410 st
504 4351 609 4413 uerius:
625 4360 751 4431 peracta
768 4347 915 4430 napaeas
931 4343 1140 4405 benedictionis
1156 4342 1301 4403 solenni·
