2850 4775
513 430 848 506 annotationes.
1043 527 1045 530 ¹
1154 440 1228 512 ass

133 584 204 670 βαὶν
225 585 330 653 talou
349 593 454 673 τίθησι
475 597 529 676 τῆς
548 593 700 676 τραπέζης.
743 597 796 659 hoc
817 598 949 679 dapiferi
970 602 1062 662 officio
1076 602 1226 665 Bassorum

133 678 212 750 «lux,
242 677 363 736 sissclu
379 687 516 740 merentur
527 679 701 761 Nicephorius
715 684 856 762 Gregoras
870 687 889 747 l.
906 692 926 752 7
942 705 961 745 a
977 687 1160 748 Constantino
1176 691 1227 750 tuit

131 767 260 821 ornat'ns.
301 762 405 821 Gonu.

220 851 244 905 t.
257 844 284 904 ll
302 867 331 926 p.
346 849 408 912 2⁵3
423 865 450 904 v.
466 847 514 912 16.
535 841 784 932 βασιλεοπᾶτορα]
805 872 905 914 nornen
918 853 984 913 illud
997 853 1103 915 ‹lnrlum
1114 855 1183 915 lulio
1195 864 1225 916 et

132 927 259 988 Tatiano
273 931 413 991 benevolis
427 931 476 989 sibi
494 932 622 992 iratribus
636 933 803 1012 inposuerat
818 938 988 998 lllnrcianns:
1010 934 1063 1000 llo
1080 943 1170 1002 τοῦτο
1190 937 1224 1002 ἐκ

129 1017 217 1075 θεοῦ
228 1011 349 1095 γένηται
361 1011 488 1095 πατέρας
499 1011 581 1091 cleric
592 1010 783 1098 ἅνααηρύξω.
827 1031 857 1082 et
868 1023 950 1102 patilo
962 1024 1044 1083 inlr'a:
1077 1019 1224 1086 Tarteson

130 1096 187 1158 seni
206 1092 336 1163 Ἰούλιον
357 1093 625 1181 μεταπεμψάμενος
644 1102 771 1182 πατέρας
785 1099 899 1182 αὐτοῦς
912 1101 1084 1187 α’νεκήρνξν.
1126 1127 1223 1169 versun

129 1183 346 1244 benevolentiae
358 1186 585 1262 gratitudinisqne
595 1205 663 1264 erga
677 1188 792 1265 intres,
821 1209 877 1250 non
897 1195 1016 1253 muneris
1030 1201 1060 1253 et
1079 1191 1222 1270 diguitatis

127 1265 204 1342 illis,
226 1268 300 1328 relnt
313 1269 451 1341 Zautzae,
472 1269 526 1327 t'uit
538 1271 694 1349 appellatio.
737 1274 840 1334 (ioan.

219 1358 241 1413 t
255 1353 279 1412 ll
300 1373 328 1432 p.
339 1353 402 1413 255
417 1372 443 1411 v.
453 1351 484 1414 3.
526 1373 643 1432 quornm
657 1355 685 1415 la.
700 1355 719 1414 1.
732 1361 836 1417 mentio
852 1359 883 1418 fit
899 1359 1058 1436 Ungrorum
1078 1355 1164 1441 (nam
1183 1357 1222 1417 sic

127 1438 277 1515 perspicue
289 1437 477 1515 appellantur,
502 1444 533 1496 nt
550 1445 579 1498 et
594 1438 750 1508 aZonara,
773 1445 896 1519 qrnmvis
917 1447 963 1502 nlii
983 1445 1077 1517 Ugros
1095 1443 1224 1518 legant),

128 1520 150 1577 ii
167 1521 338 1580 hauddubie
354 1527 419 1580 sunt
433 1523 482 1599 qni
498 1520 582 1581 hodie
594 1523 702 1601 Ungari
718 1525 853 1586 (licuntur.
874 1527 952 1586 Xan.
984 1527 1091 1586 'l'nrcos
1107 1525 1222 1585 hircum

128 1605 254 1680 Ungaris
274 1605 418 1665 confundit
438 1607 592 1685 interpres,
618 1626 689 1685 qnos
708 1617 804 1670 auctor
822 1613 957 1691 particula
979 1610 1149 1670 coniunctiva
1170 1607 1223 1670 καί

127 1690 226 1767 prodit
238 1689 371 1748 diversos.
413 1709 461 1749 cos
479 1698 570 1750 antem
586 1692 706 1768 intellige
719 1695 837 1772 Scythas
852 1696 983 1755 Clsazaris
997 1694 1118 1769 vicinos,
1148 1713 1222 1772 quo·

126 1793 190 1832 ruru
203 1775 367 1835 contribules
380 1773 562 1833 lllonomaclso
575 1785 707 1851 regnante
722 1778 844 1838 l'ersiam
859 1779 910 1840 sibi
925 1780 1105 1839 subiecerunt.
1125 1783 1222 1838 ωιιίοτ

126 1860 167 1918 de
178 1857 230 1916 illis
243 1859 322 1933 luse,
344 1879 395 1920 nee
408 1877 465 1918 non
480 1861 676 1919 Constantinus
689 1863 726 1921 cle
739 1861 847 1922 Adrniu.
864 1865 931 1940 lrnp.
947 1884 971 1922 c.
984 1863 1034 1924 38.
1056 1861 1161 1923 Goon.

215 1941 257 2000 ib.
281 1962 309 2002 r.
333 1947 380 2008 12.
423 1939 477 2005 rtis
492 1942 687 2024 nomiorropo]
716 1944 752 2006 cle
765 1967 817 2019 eo,
834 1955 917 2026 prout
931 1947 1033 2008 ultimis
1046 1946 1216 2028 temporibus

125 2025 248 2084 officinm
266 2028 482 2099 aulruinistrnbat,
505 2027 548 2084 lus
561 2029 627 2084 cte.
641 2036 721 2108 perte
735 2031 755 2092 2
770 2029 907 2092 latissime.
950 2033 1052 2092 cusu.

211 2107 252 2164 ib.
282 2128 308 2170 v.
337 2109 388 2169 13.
442 2108 743 2189 Κωνστανπνᾰκιον]
772 2116 947 2175 Constantini
975 2104 1216 2195 ὖποκοριστικὸν,

122 2192 203 2270 qnod
214 2191 321 2252 Latinis
333 2193 566 2252 constantianus.
608 2195 713 2256 Gonu.

209 2276 268 2336 tll
287 2297 316 2354 p.
329 2277 392 2340 258
404 2297 432 2338 r.
445 2277 475 2339 9.
510 2278 586 2350 filia
603 2277 784 2357 Babplouis]
812 2280 972 2360 imprecatio
985 2299 1020 2340 cx
1033 2279 1157 2361 psalnm,
1184 2283 1216 2336 nt

123 2360 251 2441 utnon,
272 2357 333 2426 184
348 2359 504 2441 desumpto.
544 2361 624 2423 Xru.

211 2446 253 2504 ib·
275 2468 302 2510 ν.
328 2446 380 2511 10.
420 2444 550 2526 φοινία]
570 2446 714 2525 {scelerae
756 2440 808 2509 ho'c
820 2450 944 2509 vocabuli
957 2450 1024 2527 quid
1039 2448 1213 2525 signiticaret,

123 2550 184 2591 non
196 2532 379 2610 esseque-bar,
397 2548 554 2608 quanquam
570 2534 593 2589 si
606 2532 739 2591 coniicere
758 2533 842 2593 libeat
855 2541 978 2611 putarent
1000 2552 1062 2591 esse
1081 2526 1162 2607 παρα
1180 2526 1214 2591 τὸ

123 2614 271 2696 ἐπείγειν,
301 2616 427 2674 tornois
447 2633 591 2694 operarum
612 2621 773 2677 exactorem.
816 2636 879 2675 rutum
900 2618 936 2673 ab
956 2616 1079 2691 urgendo
1098 2614 1211 2691 quidem

122 2702 240 2761 dicitnr:
263 2702 314 2759 secl
327 2718 397 2778 qnos
408 2698 533 2760 homines
546 2705 596 2759 ant
609 2718 677 2777 qnos
692 2702 866 2773 resarserit,
887 2700 974 2758 sciant
989 2699 1043 2757 alii.
1084 2699 1212 2757 Zonaras

122 2780 246 2865 πήκτην
258 2785 375 2865 scripsit.
416 2784 596 2863 quirinalem
620 2790 663 2843 est
676 2776 814 2863 πήκτης.)
854 2784 961 2844 labrum
983 2785 1027 2843 vix
1045 2790 1126 2862 pato.
1168 2782 1213 2841 lic

122 2890 214 2929 neam
236 2872 418 2929 coniecturam
437 2887 574 2949 exponam
592 2869 677 2928 libere
696 2868 725 2927 in
743 2888 772 2928 re
789 2868 886 2929 nullius
908 2874 956 2928 aut
974 2890 1030 2926 rron
1051 2868 1159 2943 magni,
1181 2871 1211 2924 ut
1308 2868 1311 2875 ’

120 2960 258 3033 apparet,
285 2954 428 3013 rnonaenti.
468 2954 575 3032 πηπτίς
587 2954 794 3013 instnunentnm
809 2960 852 3012 est
865 2955 922 3012 sive
934 2952 1077 3012 multarum
1095 2950 1212 3010 chorda-

119 3056 181 3095 rnnr
194 3035 331 3095 sive-sliat
344 3037 449 3093 νωὶαω
463 3044 624 3097 concentum
636 3039 739 3113 edens3
768 3039 843 3116 qood
860 3057 916 3097 non
933 3044 989 3096 tem
1005 3056 1039 3096 ex
1056 3036 1147 3095 lexicis
1165 3035 1210 3092 cli-
1284 3036 1288 3042 ’

120 3120 192 3193 (lici,
213 3120 313 3199 qnibns
328 3136 383 3177 non
399 3126 504 3179 temere
522 3123 619 3195 credo,
642 3140 726 3199 quam
742 3140 777 3180 ex
794 3120 863 3183 Plal.
880 3125 899 3185 3
916 3124 1081 3183 πολιτειῶν.
1124 3118 1210 3179 verbo

120 3214 200 3265 sunt:
220 3196 374 3287 τριγώνων
387 3196 446 3285 ἄρα
457 3199 510 3263 sol
520 3205 674 3281 πηκτίδων
691 3204 742 3266 καὶ
756 3201 881 3268 πάντων
893 3200 1034 3288 ὀργάνων·
1043 3198 1100 3266 ὅσα
1112 3194 1209 3264 πολύ-

121 3291 216 3371 χορδα
235 3288 287 3351 καὶ
304 3279 511 3367 πολυαρμόνια
530 3284 731 3367 δημιουργοΰς
752 3284 791 3348 ου’
812 3290 978 3369 θρέψομεν.
1028 3290 1081 3346 inm
1099 3304 1132 3346 ea
1156 3287 1210 3346 tuit

122 3376 245 3437 Cedrcni
262 3380 292 3436 et
309 3374 388 3433 lunius
402 3373 507 3432 latinae
521 3376 684 3451 scriptorum
697 3370 806 3431 licentis
819 3374 906 3432 dicam
918 3392 954 3431 sn
966 3372 1098 3448 aradacia,
1126 3375 1157 3429 ut
1171 3371 1210 3430 ci·

121 3462 284 3521 tbaroeclnrn
296 3466 347 3519 ant
359 3458 488 3517 mnsimrn
505 3455 585 3517 lacile
596 3455 647 3515 illis
661 3456 742 3515 inerit
755 3448 873 3535 πὴκτην
886 3459 1038 3519 nominare.
1080 3456 1137 3516 eins
1151 3454 1209 3514 vitii

120 3546 194 3619 (non
206 3546 281 3606 enirn
294 3550 339 3603 est
354 3544 407 3602 nisi
419 3543 528 3619 vitiam)
547 3539 669 3620 exemplu
682 3541 799 3601 subinde
817 3543 850 3601 iis
863 3543 989 3619 legendis
1006 3540 1209 3621 deprehendes.

120 3632 189 3706 quaid
209 3631 233 3689 si
256 3647 325 3705 crgo
346 3628 370 3685 is
387 3622 508 3706 πηκιής
528 3628 644 3685 musicas
663 3626 727 3703 luit,
754 3633 838 3704 ntqne
859 3629 931 3687 adeo
949 3626 995 3687 ille
1014 3626 1074 3707 ipae
1090 3624 1207 3684 musicus

119 3715 261 3775 eunuclrns
275 3712 333 3787 (cni
345 3732 445 3771 nornen
462 3712 554 3772 musici
567 3708 646 3769 tacite
657 3711 693 3769 ab
703 3722 764 3772 arte
775 3714 865 3789 potnit
880 3713 955 3785 steri,
984 3712 1008 3770 si
1022 3710 1135 3789 quidem
1150 3710 1207 3768 Co·

117 3817 257 3878 pronyrno
275 3798 456 3859 lconomacho
474 3804 505 3857 et
526 3797 584 3854 aliis
602 3796 697 3874 potnit
716 3796 924 3876 imperatoribus
943 3802 971 3855 et
987 3792 1049 3854 aliis
1061 3799 1207 3874 praeterea

118 3887 232 3943 sommis
246 3882 311 3942 viris
324 3882 361 3940 ab
374 3881 466 3957 aliqua
478 3882 591 3940 actione·
597 3880 709 3958 imponi,
730 3888 779 3940 ant
793 3892 858 3942 tero
869 3885 1026 3943 καλεῖσθαι
1039 3898 1089 3959 pro
1102 3895 1207 3955 cogno·

117 3969 218 4027 minari
239 3968 307 4049 poni
326 3967 362 4025 ab
382 3964 493 4025 bomine
514 3964 581 4025 nilril
601 3967 690 4024 minna
711 3983 793 4042 qnam
807 3966 982 4045 proprietatis
998 3963 1137 4037 studioso)
1158 3960 1207 4039 qni
1284 4000 1286 4005 -

117 4054 290 4112 occasionem
304 4051 449 4128 Balgarico
465 4049 539 4109 bello
551 4069 602 4109 sua
611 4050 725 4109 avaritia
737 4052 876 4129 praebuit,
904 4052 990 4110 fretus
1005 4048 1093 4125 gratia
1106 4048 1134 4105 in
1150 4064 1206 4124 qno

117 4136 192 4212 apud
209 4136 281 4195 hanc
295 4136 429 4195 Zautznni
442 4134 509 4208 luit3
537 4136 613 4211 quod
632 4154 666 4194 eo
687 4142 748 4193 erat
764 4134 884 4205 lucilius,
904 4135 926 4192 ai
939 4152 1001 4194 enm
1014 4134 1124 4210 generis
1139 4148 1206 4209 pro-

116 4219 274 4299 pinquitate
288 4222 436 4299 attigisset.
476 4219 544 4279 baec
557 4220 621 4278 icleo
636 4220 714 4278 libuit
727 4226 859 4279 annotare
868 4236 881 4295 ,¹
910 4218 985 4297 quod
1001 4218 1058 4276 scio
1075 4216 1126 4275 ltac
1142 4214 1206 4273 ‹lili-

118 4304 214 4382 gentia
227 4304 351 4364 adbibita
365 4308 461 4365 ‹loctos
476 4305 548 4364 viros
568 4323 653 4381 saepe
671 4304 778 4381 magnis
796 4306 927 4364 bonorum
941 4304 1100 4381 scriptorum
1112 4298 1207 4359 vulne·

116 4390 193 4449 ribos
205 4388 369 4450 medicinam
382 4392 491 4457 iecisse.
532 4390 640 4449 interim
654 4390 721 4449 nihil
733 4392 854 4465 mutavi,
874 4396 906 4449 nt
918 4390 942 4448 si
954 4390 1015 4467 qnia
1028 4386 1097 4447 scial
1109 4384 1208 4465 Epicta
