2850 4775
559 391 773 460 HISTORIA.
1139 393 1215 466 715

114 561 228 646 λαβὼν
250 557 442 649 διηγήσομαι.
493 561 656 629 Βαοιλείου
674 561 736 649 γὰρ
756 565 814 627 rori
827 559 993 643 βασιλέως,
1019 560 1146 646 ἀπηνίιια
1160 562 1216 648 τὴν

114 669 318 753 Βσυληαρίαν
330 663 515 751 ὑπηγάγετο,
539 663 584 749 μὴ
600 659 790 748 delirante}
803 689 834 728 τι
847 671 1012 747 νεοχμῆσαι
1024 673 1085 732 τάν
1099 668 1217 749 έθίμοιν

117 768 238 847 αὐτοῦ,
270 769 340 833 ἀλλ’
365 765 423 833 ὑπὸ
445 777 508 845 τοῖς
524 767 679 855 σφετέροις
701 766 833 853 ἀρχοοσί
845 792 876 831 τε
897 769 948 831 καὶ
966 767 1059 849 ἤθεσι
1076 768 1114 835 rui
1136 768 1214 834 καθ’
1306 762 1309 767 ’

118 870 253 948 {munde
266 867 423 957 ὁρίσαντος
439 868 647 955 ιλιεξάγεσθαι,
673 867 780 945 καθείς
792 892 853 933 που
866 871 917 933 καί
931 870 978 932 ini
993 876 1048 934 τοῦ
1059 870 1219 955 Σαμουηλ,

87 973 160 1051 ῦὸς
172 974 275 1039 αὐτῶν
295 973 427 1061 ἀρχηγὸς
442 974 554 1058 ἐγένετο
560 1019 571 1051 ,
603 971 663 1055 ἤδη
685 973 740 1054 μέν
761 964 815 1037 οὗν
837 968 1052 1057 καὶπρότερον
1074 974 1109 1039 τὸ
1129 974 1220 1050 έθνος

116 1076 302 1163 τετάρακτο,
329 1076 384 1158 τὴν
405 1076 572 1159 ἀπληστίαν
585 1076 629 1157 μὴ
646 1075 739 1162 φέρον
753 1080 808 1139 τοῦ
823 1071 1058 1160 ἀρηανοτράφου
1066 1123 1077 1153 ,
1102 1074 1150 1142 ὅτε
1165 1076 1218 1141 τάν
1234 1086 1257 1140 P
1275 1086 1327 1141 851

120 1176 283 1244 Δολεάνον
312 1174 424 1244 ἑαυτῶν
448 1178 578 1260 βασιλέα
598 1176 832 1263 ἐπευφήμησαν,
867 1181 935 1261 περί
960 1167 1002 1241 ιῖιν
1026 1178 1105 1244 κατά
1126 1180 1220 1264 μέρος

121 1280 297 1363 δεδήλωται
311 1280 442 1357 ἀνωθεν,
474 1280 626 1362 ἀπέβλεψε
644 1282 677 1344 δέ
690 1283 741 1344 καί
756 1283 810 1344 νῦν
827 1278 903 1362 πρὸς
918 1278 1115 1345 ἀποστασίαν.
1164 1282 1221 1363 τὴν

122 1384 185 1469 γὰρ
199 1390 255 1447 τοῦ
270 1380 451 1468 Νικηιηάρου
462 1381 506 1462 μὴ
522 1381 614 1469 φέρον
627 1381 796 1463 ἀπληστίαν
809 1382 859 1443 καί
876 1377 898 1442 ἀ
912 1381 991 1444 κατὰ
1003 1379 1125 1447 πάντιον
1137 1381 1222 1472 αὐτῷ

81 1494 117 1549 10
124 1484 340 1569 μεμηχάνητο,
365 1482 486 1563 οὐθενὸς
500 1484 753 1571 έπιστρεφομένου
767 1488 822 1549 τοῦ
834 1484 1001 1563 βασιλέως,
1026 1495 1094 1560 ταῖς
1107 1488 1222 1551 nunde·
1273 1555 1276 1560 ,

125 1586 251 1674 ριοίιλισι
272 1585 306 1649 de*
324 1588 458 1661 παιδιαῖς
478 1585 571 1666 μόνον
591 1587 846 1673 προσανέχοντος,
877 1585 907 1649 oi
919 1584 998 1651 κατὰ
1010 1583 1065 1665 τὴν
1080 1590 1223 1670 [locipa-

127 1690 197 1773 ρίαν
217 1687 394 1775 προέχοντες
422 1688 538 1765 ἀξιοῦσι
556 1689 609 1754 τὸν
631 1691 801 1772 Μιχαηλάν
822 1685 956 1773 ἀρχηγὸν
980 1685 1054 1754 ὄντα
1074 1689 1223 1775 ἐπαρῆξαι

128 1790 233 1867 αὐτοῖς
250 1794 302 1855 καί
319 1798 515 1875 συνεργῆσαι,
540 1794 649 1857 έοῦναί
667 1816 698 1856 τε
723 1791 827 1869 adroic
840 1790 894 1856 τὸν
906 1790 974 1856 υἱὸν
989 1790 1085 1855 αὐτοῦ
1092 1837 1102 1869 ,
1127 1788 1169 1869 ὡς
1185 1789 1224 1858 ἀν

128 1891 223 1959 urinis
235 1878 366 1975 βασιλέα
378 1894 572 1981 Βουλγαρίας
585 1892 794 1979 ἀνακηράξιοοι
813 1896 864 1957 καί
878 1899 933 1975 τῆς
948 1894 981 1958 έιι
995 1900 1057 1957 τῶν
1067 1891 1225 1977 ‘Perfruitur

89 2002 121 2055 1⁵
130 1998 367 2081 ἐλευθερωθεῖεν
394 1998 649 2073 καταιλζυναστείας
674 2000 724 2059 καί
753 1994 934 2079 βαρύτητος.
992 1991 1066 2061 ὅθί
1087 1997 1224 2078 ἀσμίνοις

128 2094 276 2163 ἀπαιτοάει
289 2098 399 2177 αὐτῶν,
428 2101 618 2185 τριακοσίους
631 2122 663 2162 τε
676 2106 736 2162 τιῖιν
755 2096 866 2163 ἑαυτοῦ
882 2097 1104 2179 ἀπολεξάμενος
1118 2102 1226 2185 καὶτῷ

130 2201 232 2287 οίιιειίρ
252 2199 311 2287 υἱῷ
324 2201 543 2287 Κωνοταντίιρι
564 2208 607 2289 τῷ
629 2202 680 2265 καί
699 2204 818 2287 Βολίνην
840 2200 1051 2286 ὀνομαζομένῳ
1066 2200 1223 2286 παραδοὺς
1239 2208 1264 2263 Β

131 2305 173 2379 είς
187 2303 383 2387 Βουληιαρίαν
398 2305 614 2380 έξαποστέλλει.
649 2301 757 2379 έξεισιν
770 2296 823 2367 oin
839 2304 879 2378 εἷς
893 2302 932 2366 τὰ
943 2300 1130 2387 Ιίριοιλιιίνα,
1146 2301 1226 2368 ένθα

131 2406 409 2492 συναθροισθέντες
427 2406 455 2470 oi
471 2407 503 2470 έν
518 2417 581 2483 τοῖς
598 2408 740 2483 Σκοπίοις
756 2406 950 2492 προέχοντες,
976 2401 1022 2482 οἷς
1041 2405 1169 2491 ἔξαρχος
1187 2399 1227 2484 ἦν

93 2506 322 2592 ἣλΓειίιργιοςὸ
344 2507 511 2591 Βοῖτάχος,
541 2515 595 2574 τοῦ
615 2515 676 2574 τῶν
697 2508 869 2591 Κομχάνιον
891 2509 994 2591 γίνονς
1013 2506 1228 2589 καταγόμενος,

132 2610 264 2690 βασιλέα
281 2609 468 2693 Βουλγιίρων
488 2609 580 2672 osi-rin
593 2607 790 2691 ἀνεκήρυξαν,
814 2610 935 2690 Πέτρον
952 2607 1019 2668 ἀντὶ
1033 2609 1228 2673 Καινσταντί-

133 2737 188 2777 νου
210 2705 480 2792 μετονομάσαντες.
531 2706 603 2793 ὅπερ
626 2706 761 2784 ἀκούσας
783 2704 798 2770 ir
823 2707 854 2771 ίν
877 2708 1018 2783 Σκοπάιις
1040 2709 1150 2773 ιλιίπιιιν
1171 2710 1227 2792 τὴν

136 2813 233 2902 ἀρχὴν
255 2820 309 2879 τοῦ
330 2810 441 2890 donatis
460 2809 640 2898 Νικηφόρος
663 2806 679 2876 ὁ
702 2807 919 2897 Καραντηνάς,
954 2807 1026 2886 τοὺς
1048 2807 1107 2900 ὑφ’
1135 2809 1227 2878 uitiis

137 3072 290 3126 redactura:
308 3071 437 3140 quomodo
456 3087 529 3138 vero,
546 3069 625 3124 altius
641 3069 700 3189 ipse
715 3075 838 3152 repetens
855 3069 992 3124 enarrabo.
1027 3087 1084 3123 nem
1100 3087 1157 3123 curn
1174 3068 1229 3125 Ba·

137 3141 212 3194 silius
229 3141 380 3210 imperator,
397 3159 428 3194 eo
445 3149 630 3210 temporeque
672 3138 798 3208 lrlgasram
812 3139 926 3206 subegit,
944 3138 1023 3193 nollet
1036 3139 1134 3209 aliquid
1151 3139 1230 3193 inno-

139 3227 203 3262 vare
220 3227 310 3263 eorum
326 3226 394 3277 quae
410 3208 462 3279 ipsi
482 3209 577 3262 usitata
597 3216 686 3276 crant,
714 3226 803 3262 verum
821 3207 987 3280 praefinissct
1005 3217 1036 3262 ut
1051 3227 1067 3261 a
1083 3209 1138 3262 suis
1157 3209 1232 3280 prin-

139 3279 242 3350 cipibue
267 3289 405 3348 regeretur
425 3279 533 3347 suisque
556 3277 670 3330 moribus
688 3279 811 3346 degeret,
836 3279 1049 3346 quemadmodum
1066 3279 1128 3330 item
1146 3279 1232 3349 impe-

137 3358 214 3402 rante
229 3347 357 3413 Samuele,
377 3347 422 3417 qui
441 3347 493 3400 dux
509 3349 623 3418 ipsorum
642 3347 693 3399 fuit
711 3382 831 3401 ......
857 3347 909 3399 iem
927 3345 1008 3415 igitur
1024 3354 1052 3399 et
1068 3347 1140 3416 [rrius
1158 3348 1231 3401 nutio

172 3419 295 3470 rturbata
315 3417 418 3484 luerat,
444 3418 514 3487 quod
538 3434 591 3469 non
615 3415 698 3469 lerret
720 3415 925 3485 orphanotrophi
950 3414 1104 3482 avaritiam,
1127 3418 1232 3482 quando

138 3437 283 3541 llilearruru
298 3501 371 3538 suum
389 3503 476 3554 regem
494 3485 667 3550 declararunt,
686 3501 755 3554 quae
769 3485 902 3554 sigillatim
919 3485 1039 3552 superius
1056 3485 1234 3540 demonstratu

140 3566 211 3610 sunt.
248 3564 276 3606 et
298 3571 365 3606 nunc
390 3571 494 3623 quoque
516 3557 550 3608 ad
576 3555 744 3608 rebellionem
768 3555 913 3623 spectavit:
940 3571 1025 3620 neque
1044 3552 1111 3606 eninr
1128 3554 1234 3606 serebat

140 3621 286 3694 Nicephori
303 3621 450 3690 avaritiam,
467 3631 495 3676 ot
511 3641 578 3692 quae
595 3633 685 3678 centra
702 3642 793 3677 omnes
810 3624 867 3692 ipse
880 3621 1041 3674 machinatus
1056 3624 1150 3687 suerat,
1167 3622 1235 3676 nilril

141 3701 250 3747 curante
266 3693 432 3760 imperatore,
448 3692 495 3744 sed
512 3691 575 3745 solis
593 3694 736 3762 puerilibus
752 3693 821 3746 ludis
835 3699 971 3760 occupato.
1007 3689 1145 3758 Brrlgariae
1158 3693 1233 3760 prin-
1252 3747 1255 3753 ,

140 3764 212 3831 cipes
231 3759 385 3813 lllichaelem
409 3777 483 3813 suum
509 3761 670 3829 praelectum
694 3772 788 3831 petunt
803 3761 855 3814 sibi
874 3777 949 3828 opem
967 3760 1038 3812 serra
1056 3771 1083 3812 et
1100 3761 1232 3828 opitulari,

139 3831 244 3899 sibique
261 3830 366 3883 tradere
382 3829 472 3898 lilium,
493 3838 521 3881 ut
538 3830 620 3898 ipsum
638 3831 778 3900 llolgnriae
796 3845 881 3898 regem
899 3827 1041 3893 declarent,
1060 3839 1088 3880 et
1104 3847 1120 3881 a
1136 3831 1235 3882 Rotna-

142 3917 234 3960 norum
258 3899 292 3951 im
314 3897 369 3950 erio
393 3908 421 3953 et
444 3897 599 3952 crudelitate
625 3915 681 3951 eum
701 3898 843 3952 inierdicant.
879 3896 922 3949 ille
938 3908 1022 3950 autem
1040 3897 1151 3950 libenter
1168 3898 1234 3967 ipsis

142 3917 349 4038 obtemperallnt,
367 3965 528 4038 delectisque
545 3985 561 4020 e
576 3966 631 4019 suis
649 3966 783 4034 trecentis,
802 3977 830 4019 et
846 3983 893 4020 suo
911 3967 965 4018 lilio
983 3967 1172 4033 Constantino,
1190 3965 1234 4018 cui

142 4035 244 4088 Bodino
261 4052 404 4104 cognomen
422 4045 494 4102 erat,
518 4035 639 4102 truditis,
665 4037 691 4089 in
708 4036 854 4104 Bulgariann
874 4053 930 4088 eum
949 4035 1039 4086 mittit.
1081 4037 1137 4089 exit
1153 4034 1234 4102 igitur

144 4103 177 4155 ad
193 4104 342 4172 Prisdiana,
361 4106 403 4160 ubi
420 4104 504 4159 coacti
523 4122 646 4174 proceres
661 4106 706 4174 qui
724 4107 752 4158 in
765 4106 869 4174 Scepiis
886 4114 969 4169 erant,
985 4121 1093 4170 quornm
1111 4103 1233 4175 princeps

144 4180 202 4224 erat
224 4175 356 4242 Georgius
379 4175 534 4242 Bellunum,
561 4174 750 4229 acomclrenis
774 4175 900 4243 originem
921 4174 1036 4239 ducens,
1063 4174 1232 4239 Bulgaroruut

143 4257 231 4307 regem
248 4241 331 4310 ipsum
349 4244 526 4310 declararunt,
551 4243 658 4298 Petrum
681 4263 731 4328 pro
750 4243 921 4298 Corrstantino
942 4249 1040 4295 mutato
1065 4242 1168 4297 nomine
1186 4257 1233 4292 vo-

146 4316 245 4364 cantes.
275 4313 345 4377 quod
359 4313 462 4381 quidem
479 4313 587 4368 audiens
604 4314 627 4367 is
644 4332 689 4385 qur
705 4315 757 4366 Sco
777 4314 809 4366 iis
826 4312 900 4365 ducis
916 4309 1050 4380 imperium
1066 4309 1232 4363 administra-

146 4383 206 4449 bat,
226 4377 394 4448 Nicephorus
410 4383 587 4450 Carantonus,
608 4400 664 4437 cum
679 4382 736 4436 suis
751 4333 860 4437 «lucibus
874 4398 940 4452 quos
957 4382 1084 4445 habebat,
1108 4379 1142 4432 ad
1158 4377 1233 4432 Pris-
